<?xml version="1.0" encoding="UTF-8"?>
<!DOCTYPE html PUBLIC "-//W3C//DTD XHTML 1.0 Transitional//EN"
    "http://www.w3.org/TR/xhtml1/DTD/xhtml1-transitional.dtd">
<html xmlns="http://www.w3.org/1999/xhtml" xml:lang="en" lang="en">
 <head>
  <title>
</title>
<meta http-equiv="Content-Type" content="text/html;charset=utf-8" />
  <meta name='ocr-system' content='tesseract 3.04.00' />
  <meta name='ocr-capabilities' content='ocr_page ocr_carea ocr_par ocr_line ocrx_word'/>
</head>
<body>
  <div class='ocr_page' id='page_1' title='image "./notitiahistoric03biblgoog/notitiahistoric03biblgoog_0188.png"; bbox 0 0 5400 6284; ppageno 0'>
   <div class='ocr_carea' id='block_1_1' title="bbox 1147 572 2246 712">
    <p class='ocr_par' dir='ltr' id='par_1_1' title="bbox 1147 572 2246 712">
     <span class='ocr_line' id='line_1_1' title="bbox 1147 572 2246 712; baseline -0.015 -26"><span class='ocrx_word' id='word_1_1' title='bbox 1147 578 1477 712; x_wconf 16' lang='lat' dir='ltr'><strong>¹28³ssss</strong></span> <span class='ocrx_word' id='word_1_2' title='bbox 1523 607 1529 618; x_wconf 76' lang='grc'><em>’</em></span> <span class='ocrx_word' id='word_1_3' title='bbox 1811 615 1819 630; x_wconf 55' lang='grc'><strong>»</strong></span> <span class='ocrx_word' id='word_1_4' title='bbox 1963 631 1968 638; x_wconf 91' lang='grc'><strong>-</strong></span> <span class='ocrx_word' id='word_1_5' title='bbox 2156 572 2246 672; x_wconf 59' lang='grc'><strong>-169</strong></span> 
     </span>
    </p>
   </div>
   <div class='ocr_carea' id='block_1_2' title="bbox 301 769 2361 1374">
    <p class='ocr_par' dir='ltr' id='par_1_2' title="bbox 301 769 2302 1074">
     <span class='ocr_line' id='line_1_2' title="bbox 301 769 2302 880; baseline -0.009 -16"><span class='ocrx_word' id='word_1_6' title='bbox 301 861 306 876; x_wconf 85' lang='grc'><strong><em>,</em></strong></span> <span class='ocrx_word' id='word_1_7' title='bbox 386 784 549 863; x_wconf 88' lang='lat' dir='ltr'><strong>recusum</strong></span> <span class='ocrx_word' id='word_1_8' title='bbox 562 783 646 869; x_wconf 89' lang='lat' dir='ltr'><strong>suit,</strong></span> <span class='ocrx_word' id='word_1_9' title='bbox 661 779 834 857; x_wconf 78' lang='lat' dir='ltr'><strong>utvidere</strong></span> <span class='ocrx_word' id='word_1_10' title='bbox 846 780 897 856; x_wconf 86' lang='lat' dir='ltr'><strong>est</strong></span> <span class='ocrx_word' id='word_1_11' title='bbox 920 780 958 856; x_wconf 93' lang='lat' dir='ltr'><strong>in</strong></span> <span class='ocrx_word' id='word_1_12' title='bbox 970 797 1152 856; x_wconf 75' lang='lat' dir='ltr'><strong>anuzuur</strong></span> <span class='ocrx_word' id='word_1_13' title='bbox 1169 775 1366 856; x_wconf 77' lang='lat' dir='ltr'><em>Annalibus</em></span> <span class='ocrx_word' id='word_1_14' title='bbox 1378 779 1540 861; x_wconf 79' lang='lat' dir='ltr'><strong>Litteral.</strong></span> <span class='ocrx_word' id='word_1_15' title='bbox 1554 794 1679 861; x_wconf 76' lang='lat' dir='ltr'><strong>teuton.</strong></span> <span class='ocrx_word' id='word_1_16' title='bbox 1697 778 1756 859; x_wconf 84' lang='lat' dir='ltr'><strong>vbi</strong></span> <span class='ocrx_word' id='word_1_17' title='bbox 1770 799 1913 880; x_wconf 88' lang='lat' dir='ltr'><strong>quoque</strong></span> <span class='ocrx_word' id='word_1_18' title='bbox 1928 774 2151 879; x_wconf 79' lang='lat' dir='ltr'>praesentem</span> <span class='ocrx_word' id='word_1_19' title='bbox 2168 769 2245 847; x_wconf 86' lang='lat' dir='ltr'><strong>edi·</strong></span> <span class='ocrx_word' id='word_1_20' title='bbox 2296 779 2302 788; x_wconf 82' lang='grc'>’</span> 
     </span>
     <span class='ocr_line' id='line_1_3' title="bbox 311 881 2062 976; baseline -0.002 -14"><span class='ocrx_word' id='word_1_21' title='bbox 311 890 313 893; x_wconf 77' lang='grc'><strong>’</strong></span> <span class='ocrx_word' id='word_1_22' title='bbox 387 889 524 964; x_wconf 86' lang='lat' dir='ltr'><strong>tionem</strong></span> <span class='ocrx_word' id='word_1_23' title='bbox 536 881 745 976; x_wconf 87' lang='lat' dir='ltr'><strong>descriptam</strong></span> <span class='ocrx_word' id='word_1_24' title='bbox 757 881 934 959; x_wconf 88' lang='lat' dir='ltr'><strong>inuenies.</strong></span> <span class='ocrx_word' id='word_1_25' title='bbox 1240 917 1242 922; x_wconf 95' lang='lat'>·</span> <span class='ocrx_word' id='word_1_26' title='bbox 2059 953 2062 958; x_wconf 87' lang='grc'><em>,</em></span> 
     </span>
     <span class='ocr_line' id='line_1_4' title="bbox 488 965 2240 1074; baseline -0.007 -20"><span class='ocrx_word' id='word_1_27' title='bbox 488 982 590 1071; x_wconf 86' lang='lat' dir='ltr'><strong>Quod</strong></span> <span class='ocrx_word' id='word_1_28' title='bbox 602 980 649 1055; x_wconf 85' lang='lat' dir='ltr'><strong>ad</strong></span> <span class='ocrx_word' id='word_1_29' title='bbox 663 979 935 1054; x_wconf 76' lang='lat' dir='ltr'>translationem</span> <span class='ocrx_word' id='word_1_30' title='bbox 950 978 1161 1074; x_wconf 83' lang='lat' dir='ltr'><strong>inlinguam</strong></span> <span class='ocrx_word' id='word_1_31' title='bbox 1178 976 1364 1072; x_wconf 84' lang='lat' dir='ltr'><strong>vulgarem</strong></span> <span class='ocrx_word' id='word_1_32' title='bbox 1376 980 1450 1053; x_wconf 85' lang='lat' dir='ltr'><strong>atth</strong></span> <span class='ocrx_word' id='word_1_33' title='bbox 1467 992 1528 1068; x_wconf 93' lang='lat' dir='ltr'><strong>et,</strong></span> <span class='ocrx_word' id='word_1_34' title='bbox 1548 981 1599 1056; x_wconf 84' lang='lat' dir='ltr'><strong>est</strong></span> <span class='ocrx_word' id='word_1_35' title='bbox 1612 975 1695 1065; x_wconf 88' lang='lat' dir='ltr'><strong>illa,</strong></span> <span class='ocrx_word' id='word_1_36' title='bbox 1711 992 1750 1055; x_wconf 90' lang='lat' dir='ltr'><strong>vt</strong></span> <span class='ocrx_word' id='word_1_37' title='bbox 1768 977 1820 1054; x_wconf 87' lang='lat' dir='ltr'><strong>Cl.</strong></span> <span class='ocrx_word' id='word_1_38' title='bbox 1841 994 2002 1054; x_wconf 77' lang='lat' dir='ltr'><strong>enuzua</strong></span> <span class='ocrx_word' id='word_1_39' title='bbox 2013 971 2051 1048; x_wconf 94' lang='lat' dir='ltr'><strong>in</strong></span> <span class='ocrx_word' id='word_1_40' title='bbox 2068 965 2240 1069; x_wconf 82' lang='lat' dir='ltr'><strong>Descrlpl.</strong></span> 
     </span>
    </p>

    <p class='ocr_par' dir='ltr' id='par_1_3' title="bbox 336 1067 2361 1374">
     <span class='ocr_line' id='line_1_5' title="bbox 336 1067 2361 1179; baseline -0.007 -21"><span class='ocrx_word' id='word_1_41' title='bbox 336 1125 347 1148; x_wconf 87' lang='lat'><strong>.</strong></span> <span class='ocrx_word' id='word_1_42' title='bbox 387 1079 636 1179; x_wconf 80' lang='lat' dir='ltr'><strong>BiblAugufl.</strong></span> <span class='ocrx_word' id='word_1_43' title='bbox 650 1077 737 1156; x_wconf 80' lang='lat' dir='ltr'><strong>&amp;in</strong></span> <span class='ocrx_word' id='word_1_44' title='bbox 753 1072 948 1152; x_wconf 83' lang='lat' dir='ltr'><strong>Annalibus</strong></span> <span class='ocrx_word' id='word_1_45' title='bbox 959 1075 1117 1157; x_wconf 88' lang='lat' dir='ltr'><strong>testatur,</strong></span> <span class='ocrx_word' id='word_1_46' title='bbox 1137 1096 1201 1170; x_wconf 91' lang='lat' dir='ltr'><strong>pro</strong></span> <span class='ocrx_word' id='word_1_47' title='bbox 1216 1076 1283 1148; x_wconf 89' lang='lat' dir='ltr'><strong>illis</strong></span> <span class='ocrx_word' id='word_1_48' title='bbox 1298 1078 1519 1173; x_wconf 67' lang='lat' dir='ltr'><strong>temporibus</strong></span> <span class='ocrx_word' id='word_1_49' title='bbox 1536 1082 1684 1155; x_wconf 90' lang='lat' dir='ltr'><strong>omnino</strong></span> <span class='ocrx_word' id='word_1_50' title='bbox 1697 1078 1843 1174; x_wconf 86' lang='lat' dir='ltr'><strong>optima,</strong></span> <span class='ocrx_word' id='word_1_51' title='bbox 1859 1070 2242 1165; x_wconf 71' lang='lat' dir='ltr'><strong>&amp;nonnumquam</strong></span> <span class='ocrx_word' id='word_1_52' title='bbox 2357 1067 2361 1074; x_wconf 84' lang='lat'>&#39;</span> 
     </span>
     <span class='ocr_line' id='line_1_6' title="bbox 386 1163 2248 1278; baseline -0.004 -22"><span class='ocrx_word' id='word_1_53' title='bbox 386 1180 471 1266; x_wconf 88' lang='lat' dir='ltr'><strong>illa,</strong></span> <span class='ocrx_word' id='word_1_54' title='bbox 495 1200 589 1278; x_wconf 87' lang='lat' dir='ltr'><strong>quae</strong></span> <span class='ocrx_word' id='word_1_55' title='bbox 601 1182 639 1254; x_wconf 88' lang='lat' dir='ltr'><strong>in</strong></span> <span class='ocrx_word' id='word_1_56' title='bbox 647 1176 781 1251; x_wconf 81' lang='lat' dir='ltr'><strong>Bibliis</strong></span> <span class='ocrx_word' id='word_1_57' title='bbox 793 1175 950 1271; x_wconf 83' lang='lat' dir='ltr'><strong>antiquis</strong></span> <span class='ocrx_word' id='word_1_58' title='bbox 974 1171 1161 1249; x_wconf 84' lang='lat' dir='ltr'><strong>theodiscis</strong></span> <span class='ocrx_word' id='word_1_59' title='bbox 1186 1174 1379 1249; x_wconf 87' lang='lat' dir='ltr'><strong>inuenitur.</strong></span> <span class='ocrx_word' id='word_1_60' title='bbox 1420 1175 1540 1252; x_wconf 87' lang='lat' dir='ltr'><strong>Glolsa</strong></span> <span class='ocrx_word' id='word_1_61' title='bbox 1568 1179 1703 1262; x_wconf 88' lang='lat' dir='ltr'><strong>etiam,</strong></span> <span class='ocrx_word' id='word_1_62' title='bbox 1735 1174 1942 1272; x_wconf 81' lang='lat' dir='ltr'><strong>Euangeliie</strong></span> <span class='ocrx_word' id='word_1_63' title='bbox 1964 1163 2248 1262; x_wconf 57' lang='lat' dir='ltr'><strong>dominicalibus</strong></span> 
     </span>
     <span class='ocr_line' id='line_1_7' title="bbox 385 1272 1777 1374; baseline -0.001 -22"><span class='ocrx_word' id='word_1_64' title='bbox 385 1277 564 1364; x_wconf 86' lang='lat' dir='ltr'><strong>subnexa,</strong></span> <span class='ocrx_word' id='word_1_65' title='bbox 593 1274 833 1352; x_wconf 83' lang='lat' dir='ltr'><strong>aedificationi</strong></span> <span class='ocrx_word' id='word_1_66' title='bbox 846 1273 1044 1371; x_wconf 87' lang='lat' dir='ltr'><strong>legentium</strong></span> <span class='ocrx_word' id='word_1_67' title='bbox 1057 1293 1121 1370; x_wconf 88' lang='lat' dir='ltr'><strong>pro</strong></span> <span class='ocrx_word' id='word_1_68' title='bbox 1137 1272 1198 1348; x_wconf 91' lang='lat' dir='ltr'><strong>illo</strong></span> <span class='ocrx_word' id='word_1_69' title='bbox 1209 1285 1371 1371; x_wconf 90' lang='lat' dir='ltr'><strong>tempore</strong></span> <span class='ocrx_word' id='word_1_70' title='bbox 1383 1276 1540 1374; x_wconf 83' lang='lat' dir='ltr'><strong>maxime</strong></span> <span class='ocrx_word' id='word_1_71' title='bbox 1555 1275 1777 1352; x_wconf 82' lang='lat' dir='ltr'><strong>insemiebat.</strong></span> 
     </span>
    </p>
   </div>
   <div class='ocr_carea' id='block_1_3' title="bbox 385 1409 2238 1670">
    <p class='ocr_par' dir='ltr' id='par_1_4' title="bbox 385 1409 2238 1670">
     <span class='ocr_line' id='line_1_8' title="bbox 385 1409 2238 1656; baseline -0.006 -107"><span class='ocrx_word' id='word_1_72' title='bbox 385 1456 515 1588; x_wconf 33' lang='lat' dir='ltr'><strong>XIII..</strong></span> <span class='ocrx_word' id='word_1_73' title='bbox 536 1455 844 1656; x_wconf 45' lang='lat' dir='ltr'><strong>uppluegiment</strong></span> <span class='ocrx_word' id='word_1_74' title='bbox 876 1458 943 1541; x_wconf 81' lang='lat' dir='ltr'><strong>der</strong></span> <span class='ocrx_word' id='word_1_75' title='bbox 959 1452 1107 1563; x_wconf 75' lang='lat' dir='ltr'><strong>lungun</strong></span> <span class='ocrx_word' id='word_1_76' title='bbox 1130 1409 1293 1550; x_wconf 81' lang='lat' dir='ltr'><strong>Kinler.</strong></span> <span class='ocrx_word' id='word_1_77' title='bbox 1307 1531 1309 1536; x_wconf 94' lang='lat'><strong>.</strong></span> <span class='ocrx_word' id='word_1_78' title='bbox 1323 1454 1536 1571; x_wconf 78' lang='lat' dir='ltr'><strong>Augustae</strong></span> <span class='ocrx_word' id='word_1_79' title='bbox 1558 1486 1631 1575; x_wconf 92' lang='lat' dir='ltr'><strong>per</strong></span> <span class='ocrx_word' id='word_1_80' title='bbox 1649 1451 2093 1555; x_wconf 79' lang='lat' dir='ltr'><strong>loanBaemleranno</strong></span> <span class='ocrx_word' id='word_1_81' title='bbox 2114 1469 2238 1561; x_wconf 88' lang='lat'><strong>1474.</strong></span> 
     </span>
     <span class='ocr_line' id='line_1_9' title="bbox 504 1583 1889 1670; baseline -0.004 -12"><span class='ocrx_word' id='word_1_82' title='bbox 504 1597 549 1658; x_wconf 90' lang='lat' dir='ltr'><strong>m</strong></span> <span class='ocrx_word' id='word_1_83' title='bbox 588 1597 645 1670; x_wconf 91' lang='lat' dir='ltr'><strong>o,</strong></span> <span class='ocrx_word' id='word_1_84' title='bbox 852 1623 854 1628; x_wconf 78' lang='lat'><strong>.</strong></span> <span class='ocrx_word' id='word_1_85' title='bbox 1301 1589 1303 1594; x_wconf 79' lang='grc'><strong>’</strong></span> <span class='ocrx_word' id='word_1_86' title='bbox 1831 1583 1836 1592; x_wconf 89' lang='grc'><strong><em>·</em></strong></span> <span class='ocrx_word' id='word_1_87' title='bbox 1878 1586 1889 1596; x_wconf 87' lang='lat'><em>·</em></span> 
     </span>
    </p>
   </div>
   <div class='ocr_carea' id='block_1_4' title="bbox 383 1745 2263 2147">
    <p class='ocr_par' dir='ltr' id='par_1_5' title="bbox 383 1745 2263 2147">
     <span class='ocr_line' id='line_1_10' title="bbox 482 1745 2237 1848; baseline -0.005 -21"><span class='ocrx_word' id='word_1_88' title='bbox 482 1750 592 1827; x_wconf 87' lang='lat' dir='ltr'><strong>Hunc</strong></span> <span class='ocrx_word' id='word_1_89' title='bbox 604 1745 793 1825; x_wconf 81' lang='lat' dir='ltr'><strong>trattatum</strong></span> <span class='ocrx_word' id='word_1_90' title='bbox 805 1748 842 1823; x_wconf 92' lang='lat' dir='ltr'><strong>in</strong></span> <span class='ocrx_word' id='word_1_91' title='bbox 856 1749 986 1845; x_wconf 84' lang='lat' dir='ltr'><strong>pagina</strong></span> <span class='ocrx_word' id='word_1_92' title='bbox 1002 1747 1164 1848; x_wconf 86' lang='lat' dir='ltr'><strong>separatu</strong></span> <span class='ocrx_word' id='word_1_93' title='bbox 1175 1748 1355 1846; x_wconf 88' lang='lat' dir='ltr'><strong>praecedit</strong></span> <span class='ocrx_word' id='word_1_94' title='bbox 1366 1747 1486 1845; x_wconf 89' lang='lat' dir='ltr'><strong>imago</strong></span> <span class='ocrx_word' id='word_1_95' title='bbox 1503 1749 1599 1847; x_wconf 89' lang='lat' dir='ltr'><strong>ligno</strong></span> <span class='ocrx_word' id='word_1_96' title='bbox 1613 1749 1744 1836; x_wconf 88' lang='lat' dir='ltr'><strong>incisa,</strong></span> <span class='ocrx_word' id='word_1_97' title='bbox 1771 1771 1865 1847; x_wconf 88' lang='lat' dir='ltr'><strong>quae</strong></span> <span class='ocrx_word' id='word_1_98' title='bbox 1890 1748 2017 1825; x_wconf 88' lang='lat' dir='ltr'><strong>eadem</strong></span> <span class='ocrx_word' id='word_1_99' title='bbox 2031 1746 2107 1832; x_wconf 84' lang='lat' dir='ltr'><strong>est,</strong></span> <span class='ocrx_word' id='word_1_100' title='bbox 2127 1766 2237 1842; x_wconf 86' lang='lat' dir='ltr'><strong>quam</strong></span> 
     </span>
     <span class='ocr_line' id='line_1_11' title="bbox 383 1845 2238 1948; baseline -0.005 -23"><span class='ocrx_word' id='word_1_101' title='bbox 383 1874 484 1926; x_wconf 82' lang='lat' dir='ltr'><strong>anno</strong></span> <span class='ocrx_word' id='word_1_102' title='bbox 501 1847 654 1948; x_wconf 74' lang='lat' dir='ltr'><strong>1472‘N.</strong></span> <span class='ocrx_word' id='word_1_103' title='bbox 668 1847 771 1923; x_wconf 82' lang='lat' dir='ltr'><strong>lxm</strong></span> <span class='ocrx_word' id='word_1_104' title='bbox 784 1847 935 1924; x_wconf 83' lang='lat' dir='ltr'><strong>Summa</strong></span> <span class='ocrx_word' id='word_1_105' title='bbox 954 1868 1122 1924; x_wconf 79' lang='lat' dir='ltr'><strong>roauurs</strong></span> <span class='ocrx_word' id='word_1_106' title='bbox 1136 1847 1385 1944; x_wconf 78' lang='lat' dir='ltr'><strong>descripsrmuu.</strong></span> <span class='ocrx_word' id='word_1_107' title='bbox 1424 1850 1526 1925; x_wconf 87' lang='lat' dir='ltr'><strong>Tunc</strong></span> <span class='ocrx_word' id='word_1_108' title='bbox 1538 1850 1693 1946; x_wconf 88' lang='lat' dir='ltr'><strong>sequitur</strong></span> <span class='ocrx_word' id='word_1_109' title='bbox 1703 1849 1858 1930; x_wconf 73' lang='lat' dir='ltr'><strong>authoris</strong></span> <span class='ocrx_word' id='word_1_110' title='bbox 1874 1903 1885 1938; x_wconf 89' lang='lat'>‚</span> <span class='ocrx_word' id='word_1_111' title='bbox 1903 1847 1966 1947; x_wconf 88' lang='lat' dir='ltr'><strong>qui</strong></span> <span class='ocrx_word' id='word_1_112' title='bbox 1980 1845 2238 1924; x_wconf 83' lang='lat' dir='ltr'><strong>Bartholomae-</strong></span> 
     </span>
     <span class='ocr_line' id='line_1_12' title="bbox 388 1944 2263 2046; baseline -0.006 -21"><span class='ocrx_word' id='word_1_113' title='bbox 388 1975 429 2025; x_wconf 79' lang='lat' dir='ltr'><strong>us</strong></span> <span class='ocrx_word' id='word_1_114' title='bbox 444 1953 685 2022; x_wconf 70' lang='lat' dir='ltr'><strong>manturanen</strong></span> <span class='ocrx_word' id='word_1_115' title='bbox 697 1945 897 2022; x_wconf 76' lang='lat' dir='ltr'><strong>MedicInae</strong></span> <span class='ocrx_word' id='word_1_116' title='bbox 911 1945 1043 2022; x_wconf 73' lang='lat' dir='ltr'><strong>Dostor</strong></span> <span class='ocrx_word' id='word_1_117' title='bbox 1054 1947 1092 2021; x_wconf 93' lang='lat' dir='ltr'><strong>in</strong></span> <span class='ocrx_word' id='word_1_118' title='bbox 1105 1947 1203 2025; x_wconf 82' lang='lat' dir='ltr'>Vrbe</span> <span class='ocrx_word' id='word_1_119' title='bbox 1217 1947 1375 2042; x_wconf 82' lang='lat' dir='ltr'><strong>Augusta</strong></span> <span class='ocrx_word' id='word_1_120' title='bbox 1388 1949 1662 2044; x_wconf 86' lang='lat' dir='ltr'><strong>emt,praefatio,</strong></span> <span class='ocrx_word' id='word_1_121' title='bbox 1683 1951 1722 2025; x_wconf 92' lang='lat' dir='ltr'><strong>in</strong></span> <span class='ocrx_word' id='word_1_122' title='bbox 1734 1972 1805 2046; x_wconf 87' lang='lat' dir='ltr'><strong>qua</strong></span> <span class='ocrx_word' id='word_1_123' title='bbox 1817 1950 1914 2025; x_wconf 88' lang='lat' dir='ltr'><strong>hunc</strong></span> <span class='ocrx_word' id='word_1_124' title='bbox 1926 1944 2115 2040; x_wconf 76' lang='lat' dir='ltr'><strong>traslatum</strong></span> <span class='ocrx_word' id='word_1_125' title='bbox 2127 1944 2239 2018; x_wconf 90' lang='lat' dir='ltr'><strong>breue</strong></span> <span class='ocrx_word' id='word_1_126' title='bbox 2260 1973 2263 1978; x_wconf 96' lang='lat'>·</span> 
     </span>
     <span class='ocr_line' id='line_1_13' title="bbox 386 2037 2239 2147; baseline -0.006 -24"><span class='ocrx_word' id='word_1_127' title='bbox 386 2047 616 2123; x_wconf 78' lang='lat' dir='ltr'><strong>summarium</strong></span> <span class='ocrx_word' id='word_1_128' title='bbox 632 2058 769 2135; x_wconf 79' lang='lat' dir='ltr'><strong>vocat,</strong></span> <span class='ocrx_word' id='word_1_129' title='bbox 789 2043 947 2144; x_wconf 80' lang='lat' dir='ltr'><strong>duruuss,</strong></span> <span class='ocrx_word' id='word_1_130' title='bbox 973 2057 1013 2120; x_wconf 91' lang='lat' dir='ltr'><strong>vt</strong></span> <span class='ocrx_word' id='word_1_131' title='bbox 1024 2045 1177 2121; x_wconf 78' lang='lat' dir='ltr'><strong>austeris</strong></span> <span class='ocrx_word' id='word_1_132' title='bbox 1189 2047 1306 2121; x_wconf 84' lang='lat' dir='ltr'><strong>verbis</strong></span> <span class='ocrx_word' id='word_1_133' title='bbox 1330 2059 1432 2133; x_wconf 85' lang='lat' dir='ltr'><strong>vtar,</strong></span> <span class='ocrx_word' id='word_1_134' title='bbox 1454 2049 1506 2121; x_wconf 80' lang='lat' dir='ltr'><strong>ein</strong></span> <span class='ocrx_word' id='word_1_135' title='bbox 1520 2048 1646 2147; x_wconf 73' lang='lat' dir='ltr'><strong>paglich</strong></span> <span class='ocrx_word' id='word_1_136' title='bbox 1659 2060 1770 2123; x_wconf 83' lang='lat' dir='ltr'><strong>valler</strong></span> <span class='ocrx_word' id='word_1_137' title='bbox 1782 2046 1853 2121; x_wconf 79' lang='lat' dir='ltr'><strong>unci</strong></span> <span class='ocrx_word' id='word_1_138' title='bbox 1863 2058 1985 2120; x_wconf 79' lang='lat' dir='ltr'><strong>muller</strong></span> <span class='ocrx_word' id='word_1_139' title='bbox 1998 2042 2154 2118; x_wconf 78' lang='lat' dir='ltr'><strong>abactam</strong></span> <span class='ocrx_word' id='word_1_140' title='bbox 2168 2037 2239 2113; x_wconf 73' lang='lat' dir='ltr'><strong>uod</strong></span> 
     </span>
    </p>
   </div>
   <div class='ocr_carea' id='block_1_5' title="bbox 384 2139 2436 2317">
    <p class='ocr_par' dir='ltr' id='par_1_6' title="bbox 384 2139 2436 2317">
     <span class='ocr_line' id='line_1_14' title="bbox 384 2139 2436 2317; baseline -0.006 -94"><span class='ocrx_word' id='word_1_141' title='bbox 384 2146 508 2223; x_wconf 69' lang='lat' dir='ltr'><strong>oulen</strong></span> <span class='ocrx_word' id='word_1_142' title='bbox 521 2141 665 2241; x_wconf 76' lang='lat' dir='ltr'><strong>mb&#39;geul</strong></span> <span class='ocrx_word' id='word_1_143' title='bbox 675 2146 737 2217; x_wconf 80' lang='lat' dir='ltr'><strong>wie</strong></span> <span class='ocrx_word' id='word_1_144' title='bbox 748 2139 951 2317; x_wconf 62' lang='lat' dir='ltr'><strong>engcborne</strong></span> <span class='ocrx_word' id='word_1_145' title='bbox 964 2142 1061 2219; x_wconf 75' lang='lat' dir='ltr'><strong>Ksed</strong></span> <span class='ocrx_word' id='word_1_146' title='bbox 1068 2166 1156 2219; x_wconf 81' lang='lat' dir='ltr'><strong>uncz</strong></span> <span class='ocrx_word' id='word_1_147' title='bbox 1166 2167 1213 2219; x_wconf 86' lang='lat' dir='ltr'><strong>zu</strong></span> <span class='ocrx_word' id='word_1_148' title='bbox 1225 2147 1287 2217; x_wconf 85' lang='lat' dir='ltr'><strong>den</strong></span> <span class='ocrx_word' id='word_1_149' title='bbox 1297 2142 1383 2238; x_wconf 78' lang='lat' dir='ltr'><strong>fibert</strong></span> <span class='ocrx_word' id='word_1_150' title='bbox 1395 2146 1489 2219; x_wconf 82' lang='lat' dir='ltr'><strong>iuren</strong></span> <span class='ocrx_word' id='word_1_151' title='bbox 1512 2148 1548 2220; x_wconf 82' lang='lat' dir='ltr'><strong>in</strong></span> <span class='ocrx_word' id='word_1_152' title='bbox 1559 2145 1750 2244; x_wconf 80' lang='lat' dir='ltr'><strong>gesundhcil</strong></span> <span class='ocrx_word' id='word_1_153' title='bbox 1763 2147 1848 2219; x_wconf 80' lang='lat' dir='ltr'><strong>auch</strong></span> <span class='ocrx_word' id='word_1_154' title='bbox 1871 2147 1907 2221; x_wconf 86' lang='lat' dir='ltr'><strong>iu</strong></span> <span class='ocrx_word' id='word_1_155' title='bbox 1929 2141 2153 2218; x_wconf 81' lang='lat' dir='ltr'><strong>Krunlhellcn</strong></span> <span class='ocrx_word' id='word_1_156' title='bbox 2177 2163 2236 2236; x_wconf 82' lang='lat' dir='ltr'><strong>ge·</strong></span> <span class='ocrx_word' id='word_1_157' title='bbox 2314 2219 2317 2224; x_wconf 22' lang='lat'>¹</span> <span class='ocrx_word' id='word_1_158' title='bbox 2418 2155 2436 2246; x_wconf 44' lang='lat' dir='ltr'>j</span> 
     </span>
    </p>
   </div>
   <div class='ocr_carea' id='block_1_6' title="bbox 385 2235 2348 2836">
    <p class='ocr_par' dir='ltr' id='par_1_7' title="bbox 385 2235 2348 2738">
     <span class='ocr_line' id='line_1_15' title="bbox 386 2235 2236 2342; baseline -0.006 -21"><span class='ocrx_word' id='word_1_159' title='bbox 386 2235 499 2322; x_wconf 72' lang='lat' dir='ltr'><strong>holten</strong></span> <span class='ocrx_word' id='word_1_160' title='bbox 511 2239 718 2340; x_wconf 68' lang='lat' dir='ltr'><strong>wudenfhll.</strong></span> <span class='ocrx_word' id='word_1_161' title='bbox 797 2239 896 2316; x_wconf 88' lang='lat' dir='ltr'><strong>uersa</strong></span> <span class='ocrx_word' id='word_1_162' title='bbox 911 2241 986 2317; x_wconf 89' lang='lat' dir='ltr'><strong>solii</strong></span> <span class='ocrx_word' id='word_1_163' title='bbox 1001 2244 1106 2339; x_wconf 90' lang='lat' dir='ltr'><strong>primi</strong></span> <span class='ocrx_word' id='word_1_164' title='bbox 1119 2243 1249 2341; x_wconf 87' lang='lat' dir='ltr'><strong>pagina</strong></span> <span class='ocrx_word' id='word_1_165' title='bbox 1263 2243 1447 2336; x_wconf 86' lang='lat' dir='ltr'><strong>registrum</strong></span> <span class='ocrx_word' id='word_1_166' title='bbox 1461 2245 1568 2320; x_wconf 88' lang='lat' dir='ltr'><strong>rubro</strong></span> <span class='ocrx_word' id='word_1_167' title='bbox 1580 2246 1700 2324; x_wconf 87' lang='lat' dir='ltr'><strong>colore</strong></span> <span class='ocrx_word' id='word_1_168' title='bbox 1714 2242 1939 2342; x_wconf 84' lang='lat' dir='ltr'><strong>impressum,</strong></span> <span class='ocrx_word' id='word_1_169' title='bbox 1962 2241 2000 2320; x_wconf 75' lang='lat' dir='ltr'><strong>br</strong></span> <span class='ocrx_word' id='word_1_170' title='bbox 2012 2238 2097 2315; x_wconf 88' lang='lat' dir='ltr'><strong>solio</strong></span> <span class='ocrx_word' id='word_1_171' title='bbox 2113 2235 2236 2312; x_wconf 82' lang='lat' dir='ltr'><strong>secun·</strong></span> 
     </span>
     <span class='ocr_line' id='line_1_16' title="bbox 387 2334 2278 2441; baseline -0.004 -22"><span class='ocrx_word' id='word_1_172' title='bbox 387 2346 435 2419; x_wconf 89' lang='lat' dir='ltr'><strong>do</strong></span> <span class='ocrx_word' id='word_1_173' title='bbox 449 2342 602 2438; x_wconf 89' lang='lat' dir='ltr'><strong>primum</strong></span> <span class='ocrx_word' id='word_1_174' title='bbox 616 2339 734 2438; x_wconf 90' lang='lat' dir='ltr'><strong>operis</strong></span> <span class='ocrx_word' id='word_1_175' title='bbox 757 2339 953 2438; x_wconf 87' lang='lat' dir='ltr'><strong>capitulum</strong></span> <span class='ocrx_word' id='word_1_176' title='bbox 966 2342 1101 2440; x_wconf 87' lang='lat' dir='ltr'><strong>incipit.</strong></span> <span class='ocrx_word' id='word_1_177' title='bbox 1152 2340 1287 2417; x_wconf 83' lang='lat' dir='ltr'>Desunt</span> <span class='ocrx_word' id='word_1_178' title='bbox 1311 2340 1472 2416; x_wconf 84' lang='lat' dir='ltr'><strong>custodes</strong></span> <span class='ocrx_word' id='word_1_179' title='bbox 1486 2395 1496 2427; x_wconf 94' lang='lat'><strong>,</strong></span> <span class='ocrx_word' id='word_1_180' title='bbox 1510 2342 1721 2439; x_wconf 71' lang='lat' dir='ltr'><strong>,signaturae</strong></span> <span class='ocrx_word' id='word_1_181' title='bbox 1744 2397 1754 2428; x_wconf 93' lang='lat'><strong>,</strong></span> <span class='ocrx_word' id='word_1_182' title='bbox 1779 2345 1989 2441; x_wconf 87' lang='lat' dir='ltr'><strong>paginarum</strong></span> <span class='ocrx_word' id='word_1_183' title='bbox 2006 2338 2167 2420; x_wconf 81' lang='lat' dir='ltr'><strong>numeri,</strong></span> <span class='ocrx_word' id='word_1_184' title='bbox 2197 2334 2236 2412; x_wconf 73' lang='grc' dir='ltr'><strong>δι</strong></span> <span class='ocrx_word' id='word_1_185' title='bbox 2275 2407 2278 2415; x_wconf 83' lang='grc'><strong>,</strong></span> 
     </span>
     <span class='ocr_line' id='line_1_17' title="bbox 386 2433 2348 2538; baseline -0.007 -20"><span class='ocrx_word' id='word_1_186' title='bbox 386 2442 540 2519; x_wconf 84' lang='lat' dir='ltr'><strong>initiales</strong></span> <span class='ocrx_word' id='word_1_187' title='bbox 551 2440 702 2515; x_wconf 88' lang='lat' dir='ltr'><strong>litterae.</strong></span> <span class='ocrx_word' id='word_1_188' title='bbox 742 2438 923 2523; x_wconf 84' lang='lat' dir='ltr'><strong>Litterae,</strong></span> <span class='ocrx_word' id='word_1_189' title='bbox 949 2440 1077 2535; x_wconf 90' lang='lat' dir='ltr'><strong>quibus</strong></span> <span class='ocrx_word' id='word_1_190' title='bbox 1088 2439 1311 2535; x_wconf 81' lang='lat' dir='ltr'><strong>impressum,</strong></span> <span class='ocrx_word' id='word_1_191' title='bbox 1339 2438 1420 2538; x_wconf 83' lang='lat' dir='ltr'><strong>sunt</strong></span> <span class='ocrx_word' id='word_1_192' title='bbox 1431 2441 1536 2526; x_wconf 88' lang='lat' dir='ltr'><strong>illae,</strong></span> <span class='ocrx_word' id='word_1_193' title='bbox 1559 2465 1649 2538; x_wconf 91' lang='lat' dir='ltr'><strong>quas</strong></span> <span class='ocrx_word' id='word_1_194' title='bbox 1663 2443 1857 2517; x_wconf 85' lang='lat' dir='ltr'><strong>tabulalll.</strong></span> <span class='ocrx_word' id='word_1_195' title='bbox 1876 2441 1920 2515; x_wconf 91' lang='lat' dir='ltr'><strong>N.</strong></span> <span class='ocrx_word' id='word_1_196' title='bbox 1935 2440 1968 2515; x_wconf 91' lang='lat' dir='ltr'><strong>ll</strong></span> <span class='ocrx_word' id='word_1_197' title='bbox 1984 2438 2137 2513; x_wconf 85' lang='lat' dir='ltr'><strong>exhibet.</strong></span> <span class='ocrx_word' id='word_1_198' title='bbox 2175 2433 2234 2505; x_wconf 81' lang='lat' dir='ltr'><strong>An</strong></span> <span class='ocrx_word' id='word_1_199' title='bbox 2345 2471 2348 2476; x_wconf 95' lang='lat'>·</span> 
     </span>
     <span class='ocr_line' id='line_1_18' title="bbox 386 2533 2236 2637; baseline -0.001 -20"><span class='ocrx_word' id='word_1_200' title='bbox 386 2541 522 2617; x_wconf 77' lang='lat' dir='ltr'><strong>calcem</strong></span> <span class='ocrx_word' id='word_1_201' title='bbox 537 2539 655 2636; x_wconf 82' lang='lat' dir='ltr'><strong>operis</strong></span> <span class='ocrx_word' id='word_1_202' title='bbox 666 2536 819 2633; x_wconf 80' lang='lat' dir='ltr'><strong>legitur:</strong></span> <span class='ocrx_word' id='word_1_203' title='bbox 837 2534 1005 2626; x_wconf 72' lang='lat' dir='ltr'><strong>Gedrucll</strong></span> <span class='ocrx_word' id='word_1_204' title='bbox 1016 2538 1086 2610; x_wconf 74' lang='lat' dir='ltr'><strong>end</strong></span> <span class='ocrx_word' id='word_1_205' title='bbox 1097 2537 1246 2611; x_wconf 73' lang='lat' dir='ltr'><strong>volenter</strong></span> <span class='ocrx_word' id='word_1_206' title='bbox 1259 2562 1322 2610; x_wconf 87' lang='lat' dir='ltr'><strong>von</strong></span> <span class='ocrx_word' id='word_1_207' title='bbox 1335 2544 1401 2611; x_wconf 84' lang='lat' dir='ltr'><strong>ioh.</strong></span> <span class='ocrx_word' id='word_1_208' title='bbox 1416 2537 1568 2616; x_wconf 81' lang='lat' dir='ltr'><strong>Blimler.</strong></span> <span class='ocrx_word' id='word_1_209' title='bbox 1581 2563 1629 2616; x_wconf 76' lang='lat' dir='ltr'><strong>au</strong></span> <span class='ocrx_word' id='word_1_210' title='bbox 1641 2540 1704 2619; x_wconf 78' lang='lat' dir='ltr'><strong>Aa</strong></span> <span class='ocrx_word' id='word_1_211' title='bbox 1833 2595 1840 2614; x_wconf 94' lang='lat'><strong>.</strong></span> <span class='ocrx_word' id='word_1_212' title='bbox 1856 2537 2018 2637; x_wconf 83' lang='lat' dir='ltr'><strong>Ansuut.</strong></span> <span class='ocrx_word' id='word_1_213' title='bbox 2030 2533 2236 2630; x_wconf 49' lang='lat' dir='ltr'><strong>Augustum</strong></span> 
     </span>
     <span class='ocr_line' id='line_1_19' title="bbox 385 2632 1905 2738; baseline -0.001 -23"><span class='ocrx_word' id='word_1_214' title='bbox 385 2651 448 2738; x_wconf 80' lang='lat' dir='ltr'><strong>lag</strong></span> <span class='ocrx_word' id='word_1_215' title='bbox 463 2639 514 2713; x_wconf 85' lang='lat' dir='ltr'><strong>uls</strong></span> <span class='ocrx_word' id='word_1_216' title='bbox 527 2637 694 2712; x_wconf 77' lang='lat' dir='ltr'><strong>manauit</strong></span> <span class='ocrx_word' id='word_1_217' title='bbox 713 2633 797 2710; x_wconf 76' lang='lat' dir='ltr'><strong>nael</strong></span> <span class='ocrx_word' id='word_1_218' title='bbox 866 2632 1004 2734; x_wconf 76' lang='lat' dir='ltr'><strong>&#39;gabart</strong></span> <span class='ocrx_word' id='word_1_219' title='bbox 1016 2635 1147 2733; x_wconf 79' lang='lat' dir='ltr'><strong>lausent</strong></span> <span class='ocrx_word' id='word_1_220' title='bbox 1162 2636 1372 2711; x_wconf 78' lang='lat' dir='ltr'><strong>vicrluondert</strong></span> <span class='ocrx_word' id='word_1_221' title='bbox 1386 2636 1586 2713; x_wconf 64' lang='lat' dir='ltr'><strong>tedindem</strong></span> <span class='ocrx_word' id='word_1_222' title='bbox 1602 2638 1688 2714; x_wconf 86' lang='lat' dir='ltr'><strong>LX</strong></span> <span class='ocrx_word' id='word_1_223' title='bbox 1746 2638 1793 2712; x_wconf 85' lang='lat' dir='ltr'><strong>II</strong></span> <span class='ocrx_word' id='word_1_224' title='bbox 1811 2695 1819 2713; x_wconf 91' lang='lat'><strong>.</strong></span> <span class='ocrx_word' id='word_1_225' title='bbox 1839 2640 1905 2714; x_wconf 84' lang='lat' dir='ltr'><strong>iar.</strong></span> 
     </span>
    </p>

    <p class='ocr_par' dir='ltr' id='par_1_8' title="bbox 483 2727 2329 2836">
     <span class='ocr_line' id='line_1_20' title="bbox 483 2727 2329 2836; baseline -0.007 -25"><span class='ocrx_word' id='word_1_226' title='bbox 483 2736 588 2811; x_wconf 89' lang='lat' dir='ltr'><strong>Haec</strong></span> <span class='ocrx_word' id='word_1_227' title='bbox 605 2733 656 2808; x_wconf 89' lang='lat' dir='ltr'><strong>est</strong></span> <span class='ocrx_word' id='word_1_228' title='bbox 667 2731 819 2811; x_wconf 84' lang='lat' dir='ltr'><strong>secunda</strong></span> <span class='ocrx_word' id='word_1_229' title='bbox 856 2735 935 2808; x_wconf 79' lang='lat' dir='ltr'><strong>uiue</strong></span> <span class='ocrx_word' id='word_1_230' title='bbox 947 2733 1065 2831; x_wconf 78' lang='lat' dir='ltr'><strong>operio</strong></span> <span class='ocrx_word' id='word_1_231' title='bbox 1080 2735 1213 2828; x_wconf 89' lang='lat' dir='ltr'><strong>editio;</strong></span> <span class='ocrx_word' id='word_1_232' title='bbox 1241 2735 1355 2829; x_wconf 87' lang='lat' dir='ltr'><strong>prima</strong></span> <span class='ocrx_word' id='word_1_233' title='bbox 1366 2736 1462 2810; x_wconf 85' lang='lat' dir='ltr'><strong>enim</strong></span> <span class='ocrx_word' id='word_1_234' title='bbox 1474 2757 1570 2811; x_wconf 85' lang='lat' dir='ltr'><strong>anno</strong></span> <span class='ocrx_word' id='word_1_235' title='bbox 1588 2758 1680 2836; x_wconf 79' lang='lat'>1473</span> <span class='ocrx_word' id='word_1_236' title='bbox 1695 2735 1765 2812; x_wconf 82' lang='lat' dir='ltr'><strong>ime</strong></span> <span class='ocrx_word' id='word_1_237' title='bbox 1779 2736 1874 2821; x_wconf 88' lang='lat' dir='ltr'><strong>loci,</strong></span> <span class='ocrx_word' id='word_1_238' title='bbox 1896 2735 1934 2813; x_wconf 74' lang='grc' dir='ltr'><strong>δι</strong></span> <span class='ocrx_word' id='word_1_239' title='bbox 1945 2727 2159 2831; x_wconf 85' lang='lat' dir='ltr'><strong>typographi</strong></span> <span class='ocrx_word' id='word_1_240' title='bbox 2179 2728 2234 2801; x_wconf 92' lang='lat' dir='ltr'><strong>in·</strong></span> <span class='ocrx_word' id='word_1_241' title='bbox 2326 2769 2329 2776; x_wconf 89' lang='lat'>·</span> 
     </span>
    </p>
   </div>
   <div class='ocr_carea' id='block_1_7' title="bbox 386 2821 2420 2935">
    <p class='ocr_par' dir='ltr' id='par_1_9' title="bbox 386 2821 2420 2935">
     <span class='ocr_line' id='line_1_21' title="bbox 386 2821 2420 2935; baseline -0.006 -27"><span class='ocrx_word' id='word_1_242' title='bbox 386 2832 505 2921; x_wconf 88' lang='lat' dir='ltr'><strong>dicio,</strong></span> <span class='ocrx_word' id='word_1_243' title='bbox 534 2832 574 2909; x_wconf 73' lang='grc' dir='ltr'><strong>δι</strong></span> <span class='ocrx_word' id='word_1_244' title='bbox 586 2830 757 2929; x_wconf 87' lang='lat' dir='ltr'><strong>quidem,</strong></span> <span class='ocrx_word' id='word_1_245' title='bbox 774 2841 813 2904; x_wconf 87' lang='lat' dir='ltr'><strong>vt</strong></span> <span class='ocrx_word' id='word_1_246' title='bbox 833 2831 888 2907; x_wconf 89' lang='lat' dir='ltr'><strong>Cl.</strong></span> <span class='ocrx_word' id='word_1_247' title='bbox 903 2851 1064 2911; x_wconf 75' lang='lat' dir='ltr'><strong>nautea</strong></span> <span class='ocrx_word' id='word_1_248' title='bbox 1076 2832 1115 2908; x_wconf 92' lang='lat' dir='ltr'><strong>in</strong></span> <span class='ocrx_word' id='word_1_249' title='bbox 1128 2832 1408 2911; x_wconf 82' lang='lat' dir='ltr'><strong>Annallitterot.</strong></span> <span class='ocrx_word' id='word_1_250' title='bbox 1423 2845 1505 2913; x_wconf 74' lang='lat' dir='ltr'><strong>but.</strong></span> <span class='ocrx_word' id='word_1_251' title='bbox 1523 2855 1559 2934; x_wconf 89' lang='lat' dir='ltr'><strong>p.</strong></span> <span class='ocrx_word' id='word_1_252' title='bbox 1572 2856 1615 2935; x_wconf 74' lang='grc' dir='ltr'><em>ῃ</em></span> <span class='ocrx_word' id='word_1_253' title='bbox 1646 2835 1814 2924; x_wconf 82' lang='lat' dir='ltr'><strong>testator,</strong></span> <span class='ocrx_word' id='word_1_254' title='bbox 1827 2857 1875 2912; x_wconf 83' lang='lat' dir='ltr'><strong>ex</strong></span> <span class='ocrx_word' id='word_1_255' title='bbox 1892 2831 2060 2914; x_wconf 73' lang='lat' dir='ltr'><strong>(scarleti</strong></span> <span class='ocrx_word' id='word_1_256' title='bbox 2076 2844 2233 2902; x_wconf 70' lang='lat' dir='ltr'><strong>aurunt</strong></span> <span class='ocrx_word' id='word_1_257' title='bbox 2388 2917 2391 2922; x_wconf 10' lang='grc' dir='ltr'>ἢ</span> <span class='ocrx_word' id='word_1_258' title='bbox 2417 2821 2420 2826; x_wconf 83' lang='grc'><strong>’</strong></span> 
     </span>
    </p>
   </div>
   <div class='ocr_carea' id='block_1_8' title="bbox 388 2929 889 3028">
    <p class='ocr_par' dir='ltr' id='par_1_10' title="bbox 388 2929 889 3028">
     <span class='ocr_line' id='line_1_22' title="bbox 388 2929 889 3028; baseline 0 -21"><span class='ocrx_word' id='word_1_259' title='bbox 388 2929 529 3009; x_wconf 84' lang='lat' dir='ltr'><strong>officina</strong></span> <span class='ocrx_word' id='word_1_260' title='bbox 550 2933 590 3007; x_wconf 93' lang='lat' dir='ltr'><strong>in</strong></span> <span class='ocrx_word' id='word_1_261' title='bbox 611 2929 729 3006; x_wconf 88' lang='lat' dir='ltr'><strong>lucem</strong></span> <span class='ocrx_word' id='word_1_262' title='bbox 747 2929 889 3028; x_wconf 85' lang='lat' dir='ltr'><strong>prodiit.</strong></span> 
     </span>
    </p>
   </div>
   <div class='ocr_carea' id='block_1_9' title="bbox 338 3039 2232 3346">
    <p class='ocr_par' dir='ltr' id='par_1_11' title="bbox 338 3039 2232 3346">
     <span class='ocr_line' id='line_1_23' title="bbox 384 3039 2232 3225; baseline -0.004 -25"><span class='ocrx_word' id='word_1_263' title='bbox 384 3108 502 3206; x_wconf 76' lang='lat' dir='ltr'><strong>xlv.</strong></span> <span class='ocrx_word' id='word_1_264' title='bbox 532 3071 749 3224; x_wconf 59' lang='lat' dir='ltr'><strong>inantus</strong></span> <span class='ocrx_word' id='word_1_265' title='bbox 779 3108 833 3197; x_wconf 87' lang='lat' dir='ltr'><strong>de</strong></span> <span class='ocrx_word' id='word_1_266' title='bbox 859 3107 1017 3225; x_wconf 83' lang='lat' dir='ltr'><strong>septem</strong></span> <span class='ocrx_word' id='word_1_267' title='bbox 1043 3109 1229 3225; x_wconf 84' lang='lat' dir='ltr'><strong>peccatis</strong></span> <span class='ocrx_word' id='word_1_268' title='bbox 1253 3111 1536 3223; x_wconf 76' lang='lat' dir='ltr'><strong>capitalibus,</strong></span> <span class='ocrx_word' id='word_1_269' title='bbox 1581 3118 1626 3208; x_wconf 74' lang='lat' dir='ltr'><strong>uc</strong></span> <span class='ocrx_word' id='word_1_270' title='bbox 1653 3112 1879 3206; x_wconf 80' lang='lat' dir='ltr'><strong>virtutibus</strong></span> <span class='ocrx_word' id='word_1_271' title='bbox 1905 3039 1989 3200; x_wconf 82' lang='lat' dir='ltr'><strong>istiu</strong></span> <span class='ocrx_word' id='word_1_272' title='bbox 2031 3100 2232 3225; x_wconf 79' lang='lat' dir='ltr'><strong>oppufitis</strong></span> 
     </span>
     <span class='ocr_line' id='line_1_24' title="bbox 338 3219 2046 3346; baseline 0.004 -38"><span class='ocrx_word' id='word_1_273' title='bbox 338 3265 341 3270; x_wconf 95' lang='lat'>·</span> <span class='ocrx_word' id='word_1_274' title='bbox 499 3250 537 3309; x_wconf 87' lang='lat' dir='ltr'><strong>c.</strong></span> <span class='ocrx_word' id='word_1_275' title='bbox 559 3219 657 3338; x_wconf 79' lang='lat' dir='ltr'><strong>figg.</strong></span> <span class='ocrx_word' id='word_1_276' title='bbox 685 3222 934 3315; x_wconf 86' lang='lat' dir='ltr'><strong>Theodisce.</strong></span> <span class='ocrx_word' id='word_1_277' title='bbox 960 3223 1170 3346; x_wconf 83' lang='lat' dir='ltr'><strong>Augustae</strong></span> <span class='ocrx_word' id='word_1_278' title='bbox 1182 3250 1255 3338; x_wconf 86' lang='lat' dir='ltr'><strong>per</strong></span> <span class='ocrx_word' id='word_1_279' title='bbox 1271 3225 1387 3321; x_wconf 82' lang='lat' dir='ltr'><strong>ioan,</strong></span> <span class='ocrx_word' id='word_1_280' title='bbox 1408 3229 1593 3314; x_wconf 64' lang='lat' dir='ltr'><strong>Bae-let</strong></span> <span class='ocrx_word' id='word_1_281' title='bbox 1613 3253 1727 3318; x_wconf 89' lang='lat' dir='ltr'><strong>anno</strong></span> <span class='ocrx_word' id='word_1_282' title='bbox 1751 3235 1875 3342; x_wconf 85' lang='lat'><strong>14&#39;74.</strong></span> <span class='ocrx_word' id='word_1_283' title='bbox 1906 3224 2046 3338; x_wconf 74' lang='lat' dir='ltr'><strong>insol.</strong></span> 
     </span>
    </p>
   </div>
   <div class='ocr_carea' id='block_1_10' title="bbox 290 3391 2310 4387">
    <p class='ocr_par' dir='ltr' id='par_1_12' title="bbox 290 3391 2310 4066">
     <span class='ocr_line' id='line_1_25' title="bbox 395 3391 2232 3505; baseline -0.001 -29"><span class='ocrx_word' id='word_1_284' title='bbox 395 3427 397 3432; x_wconf 92' lang='lat'>·</span> <span class='ocrx_word' id='word_1_285' title='bbox 477 3401 519 3477; x_wconf 92' lang='lat' dir='ltr'><strong>Iu</strong></span> <span class='ocrx_word' id='word_1_286' title='bbox 532 3399 690 3498; x_wconf 85' lang='lat' dir='ltr'><strong>separata</strong></span> <span class='ocrx_word' id='word_1_287' title='bbox 701 3402 835 3499; x_wconf 86' lang='lat' dir='ltr'><strong>pagina</strong></span> <span class='ocrx_word' id='word_1_288' title='bbox 855 3402 964 3478; x_wconf 90' lang='lat' dir='ltr'><strong>huius</strong></span> <span class='ocrx_word' id='word_1_289' title='bbox 977 3402 1148 3483; x_wconf 74' lang='lat' dir='ltr'><strong>multatum</strong></span> <span class='ocrx_word' id='word_1_290' title='bbox 1162 3400 1349 3500; x_wconf 81' lang='lat' dir='ltr'><strong>adspicitur</strong></span> <span class='ocrx_word' id='word_1_291' title='bbox 1361 3407 1484 3501; x_wconf 80' lang='lat' dir='ltr'><strong>imago</strong></span> <span class='ocrx_word' id='word_1_292' title='bbox 1496 3406 1593 3503; x_wconf 83' lang='lat' dir='ltr'><strong>ligno</strong></span> <span class='ocrx_word' id='word_1_293' title='bbox 1612 3407 1743 3495; x_wconf 85' lang='lat' dir='ltr'><strong>incisa,</strong></span> <span class='ocrx_word' id='word_1_294' title='bbox 1765 3430 1859 3505; x_wconf 84' lang='lat' dir='ltr'><strong>quae</strong></span> <span class='ocrx_word' id='word_1_295' title='bbox 1871 3391 2015 3504; x_wconf 83' lang='lat' dir='ltr'><strong>practer</strong></span> <span class='ocrx_word' id='word_1_296' title='bbox 2034 3396 2139 3484; x_wconf 67' lang='lat' dir='ltr'><strong>BN.</strong></span> <span class='ocrx_word' id='word_1_297' title='bbox 2153 3418 2232 3470; x_wconf 83' lang='lat' dir='ltr'><strong>ua·</strong></span> 
     </span>
     <span class='ocr_line' id='line_1_26' title="bbox 290 3491 2230 3603; baseline -0.005 -26"><span class='ocrx_word' id='word_1_298' title='bbox 290 3585 295 3592; x_wconf 55' lang='grc'>,</span> <span class='ocrx_word' id='word_1_299' title='bbox 385 3521 518 3585; x_wconf 78' lang='lat' dir='ltr'><strong>aram,</strong></span> <span class='ocrx_word' id='word_1_300' title='bbox 542 3499 783 3577; x_wconf 69' lang='lat' dir='ltr'><strong>&amp;rotumum</strong></span> <span class='ocrx_word' id='word_1_301' title='bbox 796 3500 1272 3595; x_wconf 80' lang='lat' dir='ltr'><strong>Euangelistamcuarsrvnr</strong></span> <span class='ocrx_word' id='word_1_302' title='bbox 1287 3525 1308 3577; x_wconf 87' lang='lat' dir='ltr'><strong>a</strong></span> <span class='ocrx_word' id='word_1_303' title='bbox 1322 3518 1439 3580; x_wconf 91' lang='lat' dir='ltr'><strong>morte</strong></span> <span class='ocrx_word' id='word_1_304' title='bbox 1453 3504 1717 3603; x_wconf 80' lang='lat' dir='ltr'><strong>resurgentem,</strong></span> <span class='ocrx_word' id='word_1_305' title='bbox 1744 3507 1829 3584; x_wconf 87' lang='lat' dir='ltr'><strong>&amp;io</strong></span> <span class='ocrx_word' id='word_1_306' title='bbox 1843 3504 2015 3602; x_wconf 86' lang='lat' dir='ltr'><strong>sepulchri</strong></span> <span class='ocrx_word' id='word_1_307' title='bbox 2039 3497 2157 3598; x_wconf 88' lang='lat' dir='ltr'><strong>lapide</strong></span> <span class='ocrx_word' id='word_1_308' title='bbox 2178 3491 2230 3578; x_wconf 83' lang='lat' dir='ltr'><strong>se-</strong></span> 
     </span>
     <span class='ocr_line' id='line_1_27' title="bbox 385 3596 2310 3700; baseline -0.008 -25"><span class='ocrx_word' id='word_1_309' title='bbox 385 3600 532 3676; x_wconf 82' lang='lat' dir='ltr'><strong>dentem</strong></span> <span class='ocrx_word' id='word_1_310' title='bbox 544 3596 794 3695; x_wconf 82' lang='lat' dir='ltr'><strong>repraesentat.</strong></span> <span class='ocrx_word' id='word_1_311' title='bbox 833 3599 872 3674; x_wconf 90' lang='lat' dir='ltr'><strong>ln</strong></span> <span class='ocrx_word' id='word_1_312' title='bbox 884 3600 1002 3675; x_wconf 84' lang='lat' dir='ltr'><strong>fronte</strong></span> <span class='ocrx_word' id='word_1_313' title='bbox 1016 3601 1087 3675; x_wconf 87' lang='lat' dir='ltr'><strong>solii</strong></span> <span class='ocrx_word' id='word_1_314' title='bbox 1103 3601 1206 3696; x_wconf 90' lang='lat' dir='ltr'><strong>primi</strong></span> <span class='ocrx_word' id='word_1_315' title='bbox 1219 3601 1348 3694; x_wconf 87' lang='lat' dir='ltr'><strong>legitur</strong></span> <span class='ocrx_word' id='word_1_316' title='bbox 1360 3604 1590 3700; x_wconf 80' lang='lat' dir='ltr'><strong>impressum:</strong></span> <span class='ocrx_word' id='word_1_317' title='bbox 1615 3606 1684 3680; x_wconf 81' lang='lat' dir='ltr'><strong>Hie</strong></span> <span class='ocrx_word' id='word_1_318' title='bbox 1699 3606 1784 3681; x_wconf 82' lang='lat' dir='ltr'><strong>nach</strong></span> <span class='ocrx_word' id='word_1_319' title='bbox 1799 3606 1907 3700; x_wconf 83' lang='lat' dir='ltr'><strong>vulget</strong></span> <span class='ocrx_word' id='word_1_320' title='bbox 1919 3598 2102 3698; x_wconf 81' lang='lat' dir='ltr'><strong>einschh&#39;ne</strong></span> <span class='ocrx_word' id='word_1_321' title='bbox 2124 3605 2231 3667; x_wconf 71' lang='lat' dir='ltr'><strong>nacte·</strong></span> <span class='ocrx_word' id='word_1_322' title='bbox 2305 3655 2310 3660; x_wconf 88' lang='lat'><strong>.</strong></span> 
     </span>
     <span class='ocr_line' id='line_1_28' title="bbox 383 3693 2231 3803; baseline -0.005 -30"><span class='ocrx_word' id='word_1_323' title='bbox 383 3700 418 3773; x_wconf 77' lang='lat' dir='ltr'><strong>ci</strong></span> <span class='ocrx_word' id='word_1_324' title='bbox 428 3721 494 3773; x_wconf 82' lang='lat' dir='ltr'><strong>uon</strong></span> <span class='ocrx_word' id='word_1_325' title='bbox 507 3695 570 3771; x_wconf 77' lang='lat' dir='ltr'><strong>den</strong></span> <span class='ocrx_word' id='word_1_326' title='bbox 581 3693 673 3794; x_wconf 75' lang='lat' dir='ltr'><strong>stben</strong></span> <span class='ocrx_word' id='word_1_327' title='bbox 688 3694 873 3795; x_wconf 74' lang='lat' dir='ltr'><strong>todsilnden</strong></span> <span class='ocrx_word' id='word_1_328' title='bbox 885 3699 955 3772; x_wconf 79' lang='lat' dir='ltr'><strong>und</strong></span> <span class='ocrx_word' id='word_1_329' title='bbox 963 3721 1028 3773; x_wconf 87' lang='lat' dir='ltr'><strong>von</strong></span> <span class='ocrx_word' id='word_1_330' title='bbox 1049 3698 1109 3772; x_wconf 75' lang='lat' dir='ltr'><strong>den</strong></span> <span class='ocrx_word' id='word_1_331' title='bbox 1126 3695 1235 3794; x_wconf 53' lang='lat' dir='ltr'><strong>Syllo</strong></span> <span class='ocrx_word' id='word_1_332' title='bbox 1249 3700 1412 3796; x_wconf 80' lang='lat' dir='ltr'><strong>tugeoden</strong></span> <span class='ocrx_word' id='word_1_333' title='bbox 1432 3702 1624 3789; x_wconf 63' lang='lat' dir='ltr'><strong>camolla,</strong></span> <span class='ocrx_word' id='word_1_334' title='bbox 1649 3703 1734 3780; x_wconf 77' lang='lat' dir='ltr'><strong>noch</strong></span> <span class='ocrx_word' id='word_1_335' title='bbox 1763 3701 1998 3803; x_wconf 62' lang='lat' dir='ltr'><strong>ousurwcyfimg</strong></span> <span class='ocrx_word' id='word_1_336' title='bbox 2019 3697 2077 3771; x_wconf 70' lang='lat' dir='ltr'><strong>o&#39;er</strong></span> <span class='ocrx_word' id='word_1_337' title='bbox 2087 3695 2231 3792; x_wconf 74' lang='lat' dir='ltr'><strong>figurent</strong></span> 
     </span>
     <span class='ocr_line' id='line_1_29' title="bbox 379 3790 2229 3902; baseline 0 -31"><span class='ocrx_word' id='word_1_338' title='bbox 379 3794 695 3894; x_wconf 67' lang='lat' dir='ltr'><strong>‘hnmhvolgende</strong></span> <span class='ocrx_word' id='word_1_339' title='bbox 706 3794 919 3898; x_wconf 81' lang='lat' dir='ltr'><strong>Alsoistdise</strong></span> <span class='ocrx_word' id='word_1_340' title='bbox 931 3799 1052 3873; x_wconf 75' lang='lat' dir='ltr'><strong>mutari</strong></span> <span class='ocrx_word' id='word_1_341' title='bbox 1062 3797 1165 3870; x_wconf 79' lang='lat' dir='ltr'><strong>durch</strong></span> <span class='ocrx_word' id='word_1_342' title='bbox 1181 3798 1281 3872; x_wconf 78' lang='lat' dir='ltr'><strong>tinem</strong></span> <span class='ocrx_word' id='word_1_343' title='bbox 1296 3798 1520 3898; x_wconf 78' lang='lat' dir='ltr'><strong>hochgelerten</strong></span> <span class='ocrx_word' id='word_1_344' title='bbox 1533 3827 1611 3878; x_wconf 81' lang='lat' dir='ltr'><strong>mun</strong></span> <span class='ocrx_word' id='word_1_345' title='bbox 1634 3802 1790 3902; x_wconf 81' lang='lat' dir='ltr'><strong>zusamen</strong></span> <span class='ocrx_word' id='word_1_346' title='bbox 1815 3799 1961 3900; x_wconf 82' lang='lat' dir='ltr'><strong>geseczet</strong></span> <span class='ocrx_word' id='word_1_347' title='bbox 1985 3793 2054 3872; x_wconf 76' lang='lat' dir='ltr'><strong>und</strong></span> <span class='ocrx_word' id='word_1_348' title='bbox 2075 3790 2229 3894; x_wconf 62' lang='lat' dir='ltr'><strong>geptedt·</strong></span> 
     </span>
     <span class='ocr_line' id='line_1_30' title="bbox 324 3887 2237 4066; baseline -0.003 -99"><span class='ocrx_word' id='word_1_349' title='bbox 324 3925 327 3935; x_wconf 71' lang='lat'>=</span> <span class='ocrx_word' id='word_1_350' title='bbox 383 3905 441 4066; x_wconf 54' lang='lat' dir='ltr'><strong>fer</strong></span> <span class='ocrx_word' id='word_1_351' title='bbox 451 3894 598 4006; x_wconf 62' lang='lat' dir='ltr'><strong>worma.</strong></span> <span class='ocrx_word' id='word_1_352' title='bbox 622 3894 840 3981; x_wconf 77' lang='lat' dir='ltr'><strong>,Quodlibet</strong></span> <span class='ocrx_word' id='word_1_353' title='bbox 852 3896 1002 3981; x_wconf 80' lang='lat' dir='ltr'><strong>vitium,</strong></span> <span class='ocrx_word' id='word_1_354' title='bbox 1027 3895 1258 3994; x_wconf 80' lang='lat' dir='ltr'><strong>&amp;quaelibet</strong></span> <span class='ocrx_word' id='word_1_355' title='bbox 1275 3899 1388 3974; x_wconf 87' lang='lat' dir='ltr'><strong>virtus</strong></span> <span class='ocrx_word' id='word_1_356' title='bbox 1402 3899 1590 3977; x_wconf 87' lang='lat' dir='ltr'><strong>exhibetur</strong></span> <span class='ocrx_word' id='word_1_357' title='bbox 1611 3922 1676 3998; x_wconf 88' lang='lat' dir='ltr'><strong>per</strong></span> <span class='ocrx_word' id='word_1_358' title='bbox 1687 3903 1828 3979; x_wconf 88' lang='lat' dir='ltr'><strong>iconem</strong></span> <span class='ocrx_word' id='word_1_359' title='bbox 1850 3902 1948 3994; x_wconf 79' lang='lat' dir='ltr'><strong>ligno</strong></span> <span class='ocrx_word' id='word_1_360' title='bbox 1960 3891 2114 3976; x_wconf 88' lang='lat' dir='ltr'><strong>incisam.</strong></span> <span class='ocrx_word' id='word_1_361' title='bbox 2165 3887 2237 3994; x_wconf 78' lang='lat' dir='ltr'><strong>Sic¹</strong></span> 
     </span>
    </p>

    <p class='ocr_par' dir='ltr' id='par_1_13' title="bbox 381 3991 2228 4387">
     <span class='ocr_line' id='line_1_31' title="bbox 400 3991 2228 4098; baseline -0.002 -31"><span class='ocrx_word' id='word_1_362' title='bbox 400 3991 545 4089; x_wconf 85' lang='lat' dir='ltr'><strong>uperbra</strong></span> <span class='ocrx_word' id='word_1_363' title='bbox 560 4012 707 4068; x_wconf 63' lang='lat' dir='ltr'><strong>aarum</strong></span> <span class='ocrx_word' id='word_1_364' title='bbox 726 3992 985 4091; x_wconf 78' lang='lat' dir='ltr'><strong>cataphrallam</strong></span> <span class='ocrx_word' id='word_1_365' title='bbox 1001 3995 1148 4080; x_wconf 86' lang='lat' dir='ltr'><strong>induta,</strong></span> <span class='ocrx_word' id='word_1_366' title='bbox 1175 4016 1354 4091; x_wconf 87' lang='lat' dir='ltr'><strong>pauonem</strong></span> <span class='ocrx_word' id='word_1_367' title='bbox 1365 3999 1403 4074; x_wconf 92' lang='lat' dir='ltr'><strong>in</strong></span> <span class='ocrx_word' id='word_1_368' title='bbox 1414 3997 1516 4093; x_wconf 83' lang='lat' dir='ltr'><strong>galea</strong></span> <span class='ocrx_word' id='word_1_369' title='bbox 1530 4052 1540 4085; x_wconf 96' lang='lat'><strong>,</strong></span> <span class='ocrx_word' id='word_1_370' title='bbox 1556 4000 1594 4074; x_wconf 90' lang='lat' dir='ltr'><strong>in</strong></span> <span class='ocrx_word' id='word_1_371' title='bbox 1616 3999 1744 4098; x_wconf 82' lang='lat' dir='ltr'><strong>clypeo</strong></span> <span class='ocrx_word' id='word_1_372' title='bbox 1766 3999 1945 4097; x_wconf 84' lang='lat' dir='ltr'><strong>aquilum,</strong></span> <span class='ocrx_word' id='word_1_373' title='bbox 1970 3996 2228 4070; x_wconf 87' lang='lat' dir='ltr'><strong>leonemcoro·</strong></span> 
     </span>
     <span class='ocr_line' id='line_1_32' title="bbox 383 4087 2228 4196; baseline -0.001 -30"><span class='ocrx_word' id='word_1_374' title='bbox 383 4103 510 4182; x_wconf 81' lang='lat' dir='ltr'><strong>natum</strong></span> <span class='ocrx_word' id='word_1_375' title='bbox 538 4091 577 4164; x_wconf 89' lang='lat' dir='ltr'><strong>in</strong></span> <span class='ocrx_word' id='word_1_376' title='bbox 597 4089 754 4179; x_wconf 81' lang='lat' dir='ltr'><strong>uexillo,</strong></span> <span class='ocrx_word' id='word_1_377' title='bbox 778 4090 816 4168; x_wconf 75' lang='grc' dir='ltr'>ἀ</span> <span class='ocrx_word' id='word_1_378' title='bbox 838 4091 876 4167; x_wconf 90' lang='lat' dir='ltr'><strong>in</strong></span> <span class='ocrx_word' id='word_1_379' title='bbox 890 4114 1001 4168; x_wconf 84' lang='lat' dir='ltr'><strong>manu</strong></span> <span class='ocrx_word' id='word_1_380' title='bbox 1015 4093 1172 4189; x_wconf 83' lang='lat' dir='ltr'><strong>gladium</strong></span> <span class='ocrx_word' id='word_1_381' title='bbox 1185 4094 1348 4181; x_wconf 83' lang='lat' dir='ltr'><strong>habens,</strong></span> <span class='ocrx_word' id='word_1_382' title='bbox 1373 4096 1412 4171; x_wconf 86' lang='lat' dir='ltr'><strong>in</strong></span> <span class='ocrx_word' id='word_1_383' title='bbox 1428 4097 1652 4172; x_wconf 88' lang='lat' dir='ltr'><strong>dromedario</strong></span> <span class='ocrx_word' id='word_1_384' title='bbox 1678 4100 1825 4196; x_wconf 79' lang='lat' dir='ltr'><strong>equitat</strong></span> <span class='ocrx_word' id='word_1_385' title='bbox 1882 4093 2050 4189; x_wconf 70' lang='lat' dir='ltr'><strong>sagorum</strong></span> <span class='ocrx_word' id='word_1_386' title='bbox 2070 4087 2228 4184; x_wconf 84' lang='lat' dir='ltr'><strong>sequitur</strong></span> 
     </span>
     <span class='ocr_line' id='line_1_33' title="bbox 382 4186 2226 4289; baseline 0.003 -23"><span class='ocrx_word' id='word_1_387' title='bbox 382 4186 544 4266; x_wconf 78' lang='lat' dir='ltr'><strong>eiuudem</strong></span> <span class='ocrx_word' id='word_1_388' title='bbox 566 4188 687 4286; x_wconf 77' lang='lat' dir='ltr'><strong>quoatl</strong></span> <span class='ocrx_word' id='word_1_389' title='bbox 703 4210 830 4264; x_wconf 79' lang='lat' dir='ltr'><strong>omnes</strong></span> <span class='ocrx_word' id='word_1_390' title='bbox 840 4190 1073 4288; x_wconf 79' lang='lat' dir='ltr'><strong>proprietates</strong></span> <span class='ocrx_word' id='word_1_391' title='bbox 1087 4191 1285 4288; x_wconf 83' lang='lat' dir='ltr'><strong>explicatio.</strong></span> <span class='ocrx_word' id='word_1_392' title='bbox 1336 4193 1596 4272; x_wconf 80' lang='lat' dir='ltr'><strong>Tratlatusiste</strong></span> <span class='ocrx_word' id='word_1_393' title='bbox 1614 4195 1698 4270; x_wconf 90' lang='lat' dir='ltr'><strong>solia</strong></span> <span class='ocrx_word' id='word_1_394' title='bbox 1724 4210 1770 4288; x_wconf 77' lang='lat'><strong>28</strong></span> <span class='ocrx_word' id='word_1_395' title='bbox 1790 4193 2052 4289; x_wconf 75' lang='lat' dir='ltr'><strong>complectens.</strong></span> <span class='ocrx_word' id='word_1_396' title='bbox 2080 4201 2170 4281; x_wconf 85' lang='lat' dir='ltr'><strong>typo</strong></span> <span class='ocrx_word' id='word_1_397' title='bbox 2201 4202 2226 4252; x_wconf 62' lang='grc' dir='ltr'><strong><em>ἃ</em></strong></span> 
     </span>
     <span class='ocr_line' id='line_1_34' title="bbox 381 4285 2223 4387; baseline -0.005 -24"><span class='ocrx_word' id='word_1_398' title='bbox 381 4286 578 4365; x_wconf 80' lang='lat' dir='ltr'><strong>tabulalll.</strong></span> <span class='ocrx_word' id='word_1_399' title='bbox 588 4286 634 4363; x_wconf 90' lang='lat' dir='ltr'><strong>N.</strong></span> <span class='ocrx_word' id='word_1_400' title='bbox 648 4285 664 4362; x_wconf 95' lang='lat'><em>1</em></span> <span class='ocrx_word' id='word_1_401' title='bbox 680 4286 839 4362; x_wconf 87' lang='lat' dir='ltr'><strong>exhibito</strong></span> <span class='ocrx_word' id='word_1_402' title='bbox 850 4289 1033 4384; x_wconf 80' lang='lat' dir='ltr'><strong>impressus</strong></span> <span class='ocrx_word' id='word_1_403' title='bbox 1048 4290 1119 4375; x_wconf 85' lang='lat' dir='ltr'><strong>est,</strong></span> <span class='ocrx_word' id='word_1_404' title='bbox 1146 4291 1184 4366; x_wconf 75' lang='grc' dir='ltr'><strong>δι</strong></span> <span class='ocrx_word' id='word_1_405' title='bbox 1198 4289 1545 4387; x_wconf 82' lang='lat' dir='ltr'><strong>nullassrgnaturaa,</strong></span> <span class='ocrx_word' id='word_1_406' title='bbox 1569 4294 1754 4379; x_wconf 84' lang='lat' dir='ltr'><strong>custodes,</strong></span> <span class='ocrx_word' id='word_1_407' title='bbox 1774 4306 1838 4368; x_wconf 86' lang='lat' dir='ltr'><strong>aut</strong></span> <span class='ocrx_word' id='word_1_408' title='bbox 1860 4291 2071 4387; x_wconf 84' lang='lat' dir='ltr'><strong>paginarum</strong></span> <span class='ocrx_word' id='word_1_409' title='bbox 2095 4303 2223 4357; x_wconf 89' lang='lat' dir='ltr'><strong>nume·</strong></span> 
     </span>
    </p>
   </div>
   <div class='ocr_carea' id='block_1_11' title="bbox 382 4329 2442 4489">
    <p class='ocr_par' dir='ltr' id='par_1_14' title="bbox 382 4329 2442 4489">
     <span class='ocr_line' id='line_1_35' title="bbox 382 4329 2442 4489; baseline -0.006 -25"><span class='ocrx_word' id='word_1_410' title='bbox 382 4407 464 4473; x_wconf 82' lang='lat' dir='ltr'><strong>rou,</strong></span> <span class='ocrx_word' id='word_1_411' title='bbox 489 4384 679 4482; x_wconf 78' lang='lat' dir='ltr'><strong>nullasque</strong></span> <span class='ocrx_word' id='word_1_412' title='bbox 704 4385 860 4466; x_wconf 85' lang='lat' dir='ltr'><strong>initiales</strong></span> <span class='ocrx_word' id='word_1_413' title='bbox 888 4387 1025 4462; x_wconf 82' lang='lat' dir='ltr'><strong>litteras</strong></span> <span class='ocrx_word' id='word_1_414' title='bbox 1038 4389 1197 4463; x_wconf 87' lang='lat' dir='ltr'><strong>ostendit.</strong></span> <span class='ocrx_word' id='word_1_415' title='bbox 1236 4388 1297 4462; x_wconf 82' lang='lat' dir='ltr'><strong>Ad</strong></span> <span class='ocrx_word' id='word_1_416' title='bbox 1323 4391 1433 4466; x_wconf 85' lang='lat' dir='ltr'><strong>finem</strong></span> <span class='ocrx_word' id='word_1_417' title='bbox 1453 4391 1601 4489; x_wconf 84' lang='lat' dir='ltr'><strong>sequens</strong></span> <span class='ocrx_word' id='word_1_418' title='bbox 1621 4391 1772 4468; x_wconf 90' lang='lat' dir='ltr'><strong>habetur</strong></span> <span class='ocrx_word' id='word_1_419' title='bbox 1783 4389 1933 4467; x_wconf 88' lang='lat' dir='ltr'><strong>notitia:</strong></span> <span class='ocrx_word' id='word_1_420' title='bbox 1961 4381 2128 4464; x_wconf 75' lang='lat' dir='ltr'><strong>Gedraclt</strong></span> <span class='ocrx_word' id='word_1_421' title='bbox 2157 4377 2227 4453; x_wconf 68' lang='lat' dir='ltr'><strong>nna</strong></span> <span class='ocrx_word' id='word_1_422' title='bbox 2392 4472 2396 4478; x_wconf 90' lang='lat'><strong>.</strong></span> <span class='ocrx_word' id='word_1_423' title='bbox 2429 4329 2442 4344; x_wconf 19' lang='grc' dir='ltr'><strong>ἡ</strong></span> 
     </span>
    </p>
   </div>
   <div class='ocr_carea' id='block_1_12' title="bbox 383 4480 2222 4610">
    <p class='ocr_par' dir='ltr' id='par_1_15' title="bbox 383 4480 2222 4610">
     <span class='ocr_line' id='line_1_36' title="bbox 383 4480 2222 4610; baseline -0.002 -55"><span class='ocrx_word' id='word_1_424' title='bbox 383 4482 595 4608; x_wconf 71' lang='lat' dir='ltr'><strong>cohmdtzu</strong></span> <span class='ocrx_word' id='word_1_425' title='bbox 608 4481 800 4585; x_wconf 80' lang='lat' dir='ltr'><strong>Aagspurg</strong></span> <span class='ocrx_word' id='word_1_426' title='bbox 812 4508 878 4559; x_wconf 86' lang='lat' dir='ltr'><strong>oon</strong></span> <span class='ocrx_word' id='word_1_427' title='bbox 893 4483 1040 4561; x_wconf 81' lang='lat' dir='ltr'><strong>Iohanne</strong></span> <span class='ocrx_word' id='word_1_428' title='bbox 1052 4486 1193 4562; x_wconf 80' lang='lat' dir='ltr'><strong>Blimler</strong></span> <span class='ocrx_word' id='word_1_429' title='bbox 1205 4485 1339 4588; x_wconf 81' lang='lat' dir='ltr'><strong>onsunt</strong></span> <span class='ocrx_word' id='word_1_430' title='bbox 1356 4488 1509 4568; x_wconf 73' lang='lat' dir='ltr'><strong>oanan</strong></span> <span class='ocrx_word' id='word_1_431' title='bbox 1523 4487 1624 4565; x_wconf 82' lang='lat' dir='ltr'><strong>abent</strong></span> <span class='ocrx_word' id='word_1_432' title='bbox 1636 4488 1741 4567; x_wconf 83' lang='lat' dir='ltr'><strong>Anno</strong></span> <span class='ocrx_word' id='word_1_433' title='bbox 1755 4489 1825 4570; x_wconf 76' lang='lat' dir='ltr'><strong>&amp;a</strong></span> <span class='ocrx_word' id='word_1_434' title='bbox 1855 4491 1901 4564; x_wconf 83' lang='lat' dir='ltr'><strong>im</strong></span> <span class='ocrx_word' id='word_1_435' title='bbox 1915 4484 1998 4564; x_wconf 84' lang='lat' dir='ltr'><strong>LX</strong></span> <span class='ocrx_word' id='word_1_436' title='bbox 1995 4484 2037 4561; x_wconf 83' lang='lat' dir='ltr'><em>X</em></span> <span class='ocrx_word' id='word_1_437' title='bbox 2039 4480 2133 4560; x_wconf 81' lang='lat' dir='ltr'><strong>llll.</strong></span> <span class='ocrx_word' id='word_1_438' title='bbox 2154 4484 2222 4610; x_wconf 64' lang='lat' dir='ltr'><strong>iar.</strong></span> 
     </span>
    </p>
   </div>
   <div class='ocr_carea' id='block_1_13' title="bbox 281 4681 2379 4928">
    <p class='ocr_par' dir='ltr' id='par_1_16' title="bbox 281 4681 2379 4928">
     <span class='ocr_line' id='line_1_37' title="bbox 281 4681 2282 4812; baseline -0.002 -41"><span class='ocrx_word' id='word_1_439' title='bbox 281 4766 290 4778; x_wconf 82' lang='lat'><strong><em>‚</em></strong></span> <span class='ocrx_word' id='word_1_440' title='bbox 330 4751 335 4758; x_wconf 85' lang='lat'>-</span> <span class='ocrx_word' id='word_1_441' title='bbox 382 4681 478 4779; x_wconf 78' lang='lat' dir='ltr'><strong>XV,</strong></span> <span class='ocrx_word' id='word_1_442' title='bbox 507 4681 737 4786; x_wconf 77' lang='lat' dir='ltr'><strong>Quaestio,</strong></span> <span class='ocrx_word' id='word_1_443' title='bbox 759 4712 815 4773; x_wconf 83' lang='lat' dir='ltr'><strong>an</strong></span> <span class='ocrx_word' id='word_1_444' title='bbox 830 4689 898 4773; x_wconf 91' lang='lat' dir='ltr'><strong>vir</strong></span> <span class='ocrx_word' id='word_1_445' title='bbox 916 4713 1083 4778; x_wconf 80' lang='lat' dir='ltr'><strong>uxorem</strong></span> <span class='ocrx_word' id='word_1_446' title='bbox 1099 4688 1269 4788; x_wconf 74' lang='lat' dir='ltr'><strong>ducat?</strong></span> <span class='ocrx_word' id='word_1_447' title='bbox 1300 4691 1355 4780; x_wconf 90' lang='lat' dir='ltr'><strong>ab</strong></span> <span class='ocrx_word' id='word_1_448' title='bbox 1377 4691 1551 4782; x_wconf 81' lang='lat' dir='ltr'><strong>Alberto</strong></span> <span class='ocrx_word' id='word_1_449' title='bbox 1567 4691 1620 4783; x_wconf 91' lang='lat' dir='ltr'><strong>de</strong></span> <span class='ocrx_word' id='word_1_450' title='bbox 1643 4694 1739 4812; x_wconf 84' lang='lat' dir='ltr'><strong>Eyb</strong></span> <span class='ocrx_word' id='word_1_451' title='bbox 1752 4691 1941 4782; x_wconf 80' lang='lat' dir='ltr'><strong>resoluta</strong></span> <span class='ocrx_word' id='word_1_452' title='bbox 1967 4682 2220 4780; x_wconf 82' lang='lat' dir='ltr'><strong>Theodisce,</strong></span> <span class='ocrx_word' id='word_1_453' title='bbox 2277 4729 2282 4748; x_wconf 67' lang='grc' dir='ltr'><strong>ι</strong></span> 
     </span>
     <span class='ocr_line' id='line_1_38' title="bbox 325 4795 2379 4928; baseline 0.011 -48"><span class='ocrx_word' id='word_1_454' title='bbox 325 4863 340 4869; x_wconf 91' lang='grc'>-</span> <span class='ocrx_word' id='word_1_455' title='bbox 387 4815 390 4823; x_wconf 91' lang='grc'><strong><em>·</em></strong></span> <span class='ocrx_word' id='word_1_456' title='bbox 498 4795 707 4910; x_wconf 82' lang='lat' dir='ltr'><strong>Augustae</strong></span> <span class='ocrx_word' id='word_1_457' title='bbox 733 4827 806 4914; x_wconf 87' lang='lat' dir='ltr'><strong>per</strong></span> <span class='ocrx_word' id='word_1_458' title='bbox 821 4802 1021 4891; x_wconf 83' lang='lat' dir='ltr'><strong>loannem</strong></span> <span class='ocrx_word' id='word_1_459' title='bbox 1041 4805 1227 4892; x_wconf 85' lang='lat' dir='ltr'><strong>Baemler</strong></span> <span class='ocrx_word' id='word_1_460' title='bbox 1243 4832 1357 4894; x_wconf 85' lang='lat' dir='ltr'><strong>anno</strong></span> <span class='ocrx_word' id='word_1_461' title='bbox 1376 4837 1501 4928; x_wconf 86' lang='lat'><strong>1474.</strong></span> <span class='ocrx_word' id='word_1_462' title='bbox 1529 4813 1574 4898; x_wconf 90' lang='lat' dir='ltr'><strong>in</strong></span> <span class='ocrx_word' id='word_1_463' title='bbox 1594 4809 1670 4904; x_wconf 86' lang='lat' dir='ltr'><strong>fol,</strong></span> <span class='ocrx_word' id='word_1_464' title='bbox 2376 4827 2379 4831; x_wconf 85' lang='grc'><strong>’</strong></span> 
     </span>
    </p>
   </div>
   <div class='ocr_carea' id='block_1_14' title="bbox 304 4971 2219 5563">
    <p class='ocr_par' dir='ltr' id='par_1_17' title="bbox 330 4971 2219 5388">
     <span class='ocr_line' id='line_1_39' title="bbox 344 4971 2219 5093; baseline 0.002 -42"><span class='ocrx_word' id='word_1_465' title='bbox 344 5047 346 5051; x_wconf 87' lang='grc'>,</span> <span class='ocrx_word' id='word_1_466' title='bbox 473 4971 694 5093; x_wconf 75' lang='lat' dir='ltr'><strong>Albertusde</strong></span> <span class='ocrx_word' id='word_1_467' title='bbox 709 5000 788 5054; x_wconf 74' lang='lat' dir='ltr'><strong>aaa</strong></span> <span class='ocrx_word' id='word_1_468' title='bbox 812 4980 899 5058; x_wconf 84' lang='lat' dir='ltr'><strong>iuris</strong></span> <span class='ocrx_word' id='word_1_469' title='bbox 910 4982 1095 5080; x_wconf 82' lang='lat' dir='ltr'><strong>utriusque</strong></span> <span class='ocrx_word' id='word_1_470' title='bbox 1107 4983 1251 5073; x_wconf 75' lang='lat' dir='ltr'><strong>dottor,</strong></span> <span class='ocrx_word' id='word_1_471' title='bbox 1276 4985 1562 5069; x_wconf 80' lang='lat' dir='ltr'><strong>Archidiaconua</strong></span> <span class='ocrx_word' id='word_1_472' title='bbox 1585 4988 1761 5069; x_wconf 83' lang='lat' dir='ltr'><strong>Ecclesrue</strong></span> <span class='ocrx_word' id='word_1_473' title='bbox 1778 4980 2219 5067; x_wconf 83' lang='lat' dir='ltr'><strong>CathedrulieWircebur·</strong></span> 
     </span>
     <span class='ocr_line' id='line_1_40' title="bbox 377 5071 2218 5190; baseline 0.002 -42"><span class='ocrx_word' id='word_1_474' title='bbox 377 5071 517 5190; x_wconf 76' lang='lat' dir='ltr'><strong>gensm,</strong></span> <span class='ocrx_word' id='word_1_475' title='bbox 547 5071 752 5151; x_wconf 68' lang='lat' dir='ltr'><strong>&amp;nameus</strong></span> <span class='ocrx_word' id='word_1_476' title='bbox 772 5079 1065 5176; x_wconf 81' lang='lat' dir='ltr'><strong>Bambergensrs,</strong></span> <span class='ocrx_word' id='word_1_477' title='bbox 1091 5084 1129 5160; x_wconf 73' lang='grc' dir='ltr'><strong>δι</strong></span> <span class='ocrx_word' id='word_1_478' title='bbox 1148 5086 1399 5166; x_wconf 84' lang='lat' dir='ltr'><strong>Eustettensrs.</strong></span> <span class='ocrx_word' id='word_1_479' title='bbox 1431 5094 1620 5190; x_wconf 83' lang='lat' dir='ltr'><strong>praecipua</strong></span> <span class='ocrx_word' id='word_1_480' title='bbox 1640 5113 1725 5186; x_wconf 83' lang='lat' dir='ltr'><strong>erga</strong></span> <span class='ocrx_word' id='word_1_481' title='bbox 1752 5087 1934 5171; x_wconf 86' lang='lat' dir='ltr'><strong>senatum,</strong></span> <span class='ocrx_word' id='word_1_482' title='bbox 1957 5083 1995 5162; x_wconf 74' lang='grc' dir='ltr'>ἀ</span> <span class='ocrx_word' id='word_1_483' title='bbox 2020 5084 2118 5157; x_wconf 90' lang='lat' dir='ltr'><strong>ciues</strong></span> <span class='ocrx_word' id='word_1_484' title='bbox 2142 5078 2218 5154; x_wconf 90' lang='lat' dir='ltr'><strong>No·</strong></span> 
     </span>
     <span class='ocr_line' id='line_1_41' title="bbox 330 5171 2217 5286; baseline 0.001 -39"><span class='ocrx_word' id='word_1_485' title='bbox 330 5217 332 5221; x_wconf 94' lang='lat'>-</span> <span class='ocrx_word' id='word_1_486' title='bbox 376 5171 633 5265; x_wconf 83' lang='lat' dir='ltr'><strong>rrmbergenses</strong></span> <span class='ocrx_word' id='word_1_487' title='bbox 646 5173 842 5251; x_wconf 73' lang='lat' dir='ltr'><strong>adsestione</strong></span> <span class='ocrx_word' id='word_1_488' title='bbox 856 5193 1000 5265; x_wconf 85' lang='lat' dir='ltr'><strong>motus,</strong></span> <span class='ocrx_word' id='word_1_489' title='bbox 1033 5171 1253 5278; x_wconf 84' lang='lat' dir='ltr'><strong>praesentem</strong></span> <span class='ocrx_word' id='word_1_490' title='bbox 1270 5185 1400 5286; x_wconf 86' lang='lat' dir='ltr'><strong>scripsit</strong></span> <span class='ocrx_word' id='word_1_491' title='bbox 1411 5192 1621 5277; x_wconf 83' lang='lat' dir='ltr'><strong>materiam,</strong></span> <span class='ocrx_word' id='word_1_492' title='bbox 1652 5190 1801 5265; x_wconf 87' lang='lat' dir='ltr'><strong>historiis</strong></span> <span class='ocrx_word' id='word_1_493' title='bbox 1820 5187 1945 5284; x_wconf 82' lang='lat' dir='ltr'><strong>lepidis</strong></span> <span class='ocrx_word' id='word_1_494' title='bbox 1958 5198 2145 5263; x_wconf 80' lang='lat' dir='ltr'><strong>ornatam,</strong></span> <span class='ocrx_word' id='word_1_495' title='bbox 2169 5175 2217 5250; x_wconf 83' lang='lat' dir='ltr'><strong>ad</strong></span> 
     </span>
     <span class='ocr_line' id='line_1_42' title="bbox 376 5268 2216 5388; baseline 0.001 -34"><span class='ocrx_word' id='word_1_496' title='bbox 376 5292 511 5344; x_wconf 80' lang='lat' dir='ltr'><strong>nouum</strong></span> <span class='ocrx_word' id='word_1_497' title='bbox 523 5268 746 5384; x_wconf 65' lang='lat' dir='ltr'><strong>faustumque</strong></span> <span class='ocrx_word' id='word_1_498' title='bbox 768 5295 901 5385; x_wconf 69' lang='lat' dir='ltr'><strong>annum</strong></span> <span class='ocrx_word' id='word_1_499' title='bbox 916 5278 1043 5356; x_wconf 72' lang='lat' dir='ltr'><strong>iisdem</strong></span> <span class='ocrx_word' id='word_1_500' title='bbox 1059 5303 1156 5356; x_wconf 87' lang='lat' dir='ltr'><strong>anno</strong></span> <span class='ocrx_word' id='word_1_501' title='bbox 1174 5307 1267 5381; x_wconf 82' lang='lat'>1472</span> <span class='ocrx_word' id='word_1_502' title='bbox 1280 5341 1289 5370; x_wconf 88' lang='lat'><strong>,</strong></span> <span class='ocrx_word' id='word_1_503' title='bbox 1316 5301 1358 5363; x_wconf 84' lang='lat' dir='ltr'><strong>vt</strong></span> <span class='ocrx_word' id='word_1_504' title='bbox 1369 5287 1407 5364; x_wconf 86' lang='lat' dir='ltr'><strong>in</strong></span> <span class='ocrx_word' id='word_1_505' title='bbox 1419 5289 1641 5388; x_wconf 85' lang='lat' dir='ltr'><strong>praefatione</strong></span> <span class='ocrx_word' id='word_1_506' title='bbox 1657 5344 1666 5376; x_wconf 92' lang='lat'><strong>,</strong></span> <span class='ocrx_word' id='word_1_507' title='bbox 1690 5313 1784 5385; x_wconf 89' lang='lat' dir='ltr'><strong>quae</strong></span> <span class='ocrx_word' id='word_1_508' title='bbox 1799 5289 1948 5383; x_wconf 87' lang='lat' dir='ltr'><strong>primam</strong></span> <span class='ocrx_word' id='word_1_509' title='bbox 1960 5283 2126 5382; x_wconf 85' lang='lat' dir='ltr'><strong>paginam</strong></span> <span class='ocrx_word' id='word_1_510' title='bbox 2153 5296 2216 5348; x_wconf 69' lang='grc' dir='ltr'><strong>οῦ·</strong></span> 
     </span>
    </p>

    <p class='ocr_par' dir='ltr' id='par_1_18' title="bbox 304 5364 2213 5563">
     <span class='ocr_line' id='line_1_43' title="bbox 374 5364 2213 5561; baseline 0.004 -120"><span class='ocrx_word' id='word_1_511' title='bbox 374 5380 502 5465; x_wconf 87' lang='lat' dir='ltr'><strong>cupat,</strong></span> <span class='ocrx_word' id='word_1_512' title='bbox 525 5364 676 5465; x_wconf 70' lang='lat' dir='ltr'><strong>legitur,</strong></span> <span class='ocrx_word' id='word_1_513' title='bbox 702 5371 890 5452; x_wconf 76' lang='lat' dir='ltr'><strong>dedicauit</strong></span> <span class='ocrx_word' id='word_1_514' title='bbox 935 5375 1108 5456; x_wconf 78' lang='lat' dir='ltr'><strong>Auerstm</strong></span> <span class='ocrx_word' id='word_1_515' title='bbox 1118 5381 1194 5460; x_wconf 85' lang='lat' dir='ltr'><strong>folii</strong></span> <span class='ocrx_word' id='word_1_516' title='bbox 1208 5386 1313 5561; x_wconf 55' lang='lat' dir='ltr'><strong>pmii</strong></span> <span class='ocrx_word' id='word_1_517' title='bbox 1327 5388 1497 5486; x_wconf 76' lang='lat' dir='ltr'><strong>paginam</strong></span> <span class='ocrx_word' id='word_1_518' title='bbox 1508 5391 1635 5494; x_wconf 78' lang='lat' dir='ltr'><strong>implet</strong></span> <span class='ocrx_word' id='word_1_519' title='bbox 1656 5389 1774 5492; x_wconf 76' lang='lat' dir='ltr'><strong>operis</strong></span> <span class='ocrx_word' id='word_1_520' title='bbox 1789 5387 1887 5468; x_wconf 79' lang='lat' dir='ltr'><strong>foliis</strong></span> <span class='ocrx_word' id='word_1_521' title='bbox 1899 5394 1947 5468; x_wconf 82' lang='lat'><strong>62</strong></span> <span class='ocrx_word' id='word_1_522' title='bbox 1976 5376 2137 5555; x_wconf 58' lang='lat' dir='ltr'><strong>contgpti</strong></span> <span class='ocrx_word' id='word_1_523' title='bbox 2157 5370 2213 5447; x_wconf 91' lang='lat' dir='ltr'><strong>in·</strong></span> 
     </span>
     <span class='ocr_line' id='line_1_44' title="bbox 304 5497 2159 5563; baseline -0.003 -49"><span class='ocrx_word' id='word_1_524' title='bbox 304 5509 306 5514; x_wconf 86' lang='lat'><strong>.</strong></span> <span class='ocrx_word' id='word_1_525' title='bbox 996 5537 998 5541; x_wconf 10' lang='grc' dir='ltr'><strong><em>Α</em></strong></span> <span class='ocrx_word' id='word_1_526' title='bbox 2104 5497 2159 5563; x_wconf 56' lang='lat' dir='ltr'><strong>x,</strong></span> 
     </span>
    </p>
   </div>
   <div class='ocr_carea' id='block_1_15' title="bbox 0 0 2704 6280">
    <p class='ocr_par' dir='ltr' id='par_1_19' title="bbox 0 0 2704 6280">
     <span class='ocr_line' id='line_1_45' title="bbox 0 0 2704 6280; baseline 0 0"><span class='ocrx_word' id='word_1_527' title='bbox 0 0 2704 6280; x_wconf 95' lang='lat' dir='ltr'><strong> </strong></span> 
     </span>
    </p>
   </div>
  </div>
 </body>
</html>
