5400 6284
429 621 495 677 ¹22
850 648 866 668 -
1188 583 1512 693 ssssss
1667 592 1671 599 ’

257 791 276 892 J
386 798 388 801 ’
419 810 519 907 retur
533 791 615 879 ,sit
649 799 862 889 argumento
874 788 1098 868 adfirmatiuo
1109 784 1287 889 scriptoris
1299 791 1559 887 propemodum
1572 788 1763 891 synchroni
1775 794 1917 882 relitio,
1939 798 2109 895 negatino
2124 783 2270 882 consen·
2315 877 2329 892 ,

351 910 353 915 ·
420 908 558 970 tuetur.

516 988 681 1076 Quaestio
695 987 811 1063 adhuc
824 986 958 1073 oritur,
989 1010 1079 1064 num
1103 988 1220 1065 Biblia
1235 965 1430 1085 praesentia
1443 984 1502 1061 illa
1516 984 1605 1074 sint,
1625 979 1719 1087 quae
1740 1013 1989 1069 auanmrnao
2002 974 2189 1094 impressa,
2214 1010 2270 1073 te·
2334 995 2336 998 ’

420 1087 764 1166 llaturcnssn'avs‘i
791 1088 855 1162 llla
873 1087 1001 1162 eadem
1022 1085 1107 1174 else,
1132 1100 1346 1182 argumento
1362 1087 1589 1181 peruetusto,
1620 1109 1663 1163 ac
1677 1087 1791 1166 forsan
1816 1113 1950 1167 coaeuo
1976 1148 1985 1178 ,
2011 1116 2269 1190 quouassaar
2336 1169 2342 1176 .

419 1187 576 1262 narratio
589 1188 747 1281 adprime
760 1185 1237 1270 confirmatar,monstrabo.
1262 1185 1380 1260 Biblia
1393 1183 1589 1281 praesentia
1602 1185 1682 1262 sunt
1702 1188 1807 1287 plane
1819 1190 1956 1275 eadem,
1973 1214 2066 1287 quae
2079 1194 2116 1266 in
2130 1193 2272 1268 Bruns·

419 1286 550 1360 nicensi
563 1285 785 1362 Bibliotheca
800 1283 1056 1370 adseruantur,
1080 1285 1119 1361 dt
1141 1306 1163 1358 a
1178 1283 1232 1359 Cl.
1249 1305 1425 1357 mascaro
1439 1284 1461 1358 l.
1475 1285 1533 1359 cit.
1548 1284 1719 1383 descripta
1733 1287 1846 1364 suere.
1874 1290 1947 1365 Sed
1958 1288 1996 1363 in
2008 1289 2072 1364 isto
2085 1292 2270 1395 exempla·

418 1388 449 1458 ri
474 1388 517 1458 ad
543 1382 882 1458 Psalmorumfinem
907 1398 983 1458 tam
1000 1405 1117 1460 annus
1149 1387 1264 1477 1466,
1293 1403 1402 1478 quam
1421 1384 1668 1480 typographus
1695 1406 1858 1462 canina
1880 1410 1901 1461 a
1929 1401 2041 1464 manu
2064 1391 2283 1486 peruetqsta
2334 1409 2360 1425 ··

270 1515 276 1547 ι
328 1552 335 1568 Χ
402 1481 582 1558 caeruleo
597 1480 716 1556 colore
729 1480 891 1578 adscripti
904 1482 1092 1578 leguntur;
1117 1480 1234 1556 nostra
1246 1501 1333 1576 ergo
1344 1481 1455 1554 etiam
1468 1479 1513 1555 ab
1537 1481 1598 1556 illo
1623 1482 2060 1571 inlucememilsafuisse,
2089 1489 2265 1565 coniicem

417 1581 494 1654 erit.
538 1582 622 1656 Scio
638 1580 826 1676 equidem,
847 1580 1023 1665 eiusmodi
1036 1578 1338 1676 subscriptionesa
1356 1580 1442 1654 viris
1456 1580 1603 1657 eruditis
1616 1581 1783 1657 sublestae
1797 1583 1880 1659 fidei
1892 1583 2091 1681 adpellari,
2120 1609 2166 1660 ex
2185 1588 2263 1684 qui·

416 1682 485 1755 bus
501 1680 587 1756 nihil
599 1681 686 1754 certi
703 1681 780 1753 erui
801 1680 923 1776 potest.
964 1677 1029 1754 Ast
1041 1678 1069 1754 fi
1082 1678 1153 1754 hnc
1173 1690 1426 1773 argumentum
1438 1679 1572 1775 aliquid
1586 1680 1716 1755 valoris
1728 1683 1898 1769 haberet,
1924 1705 2052 1758 omnes
2079 1685 2263 1762 minicula·

416 1790 514 1853 tores
526 1792 565 1853 vt
577 1779 641 1853 viri
654 1776 817 1874 suspetti,
845 1792 885 1853 vt
898 1776 1051 1863 falsarii,
1075 1791 1115 1852 vt
1133 1777 1343 1874 posteritatis
1360 1778 1569 1873 deceptores
1582 1777 1772 1855 accusandi
1782 1779 1916 1869 essent,
1942 1782 2038 1879 quod
2050 1794 2186 1864 tamen,
2202 1807 2266 1881 ge·

416 1878 569 1952 neratim
585 1871 799 1961 adfirmare,
828 1876 982 1973 magnae
1000 1877 1212 1952 temeritatis
1226 1877 1396 1952 indicium
1416 1876 1510 1953 esset.
1562 1878 1763 1954 Deiavnde
1788 1877 1941 1967 scimus,
1966 1879 2082 1957 Biblia
2096 1882 2196 1957 fuisse
2218 1883 2264 1958 ab

260 1997 275 2008 ·
392 1993 725 2053 'aooausrnrnro
742 1999 837 2049 anno
870 1982 963 2070 1468
986 1976 1083 2073 typis
1096 1974 1246 2061 exorsa,
1276 1974 1338 2049 nili
1368 1998 1416 2048 ex
1435 1976 1496 2049 tali
1515 1974 1799 2074 subscriptione?
1825 1979 2010 2077 Si‘itaque
2036 2003 2170 2056 nomen
2192 2003 2264 2055 rru-

415 2094 624 2168 oaasrarn
642 2074 782 2148 illorum
797 2072 1037 2169 impressorem
1050 2074 1220 2160 denotat,
1246 2073 1283 2149 a
1298 2096 1431 2148 nomen
1445 2096 1635 2149 naumann
1647 2075 1845 2151 nostromm
1860 2077 2100 2176 impressorem
2113 2079 2263 2154 denota·
2344 2077 2349 2084 ’

415 2193 453 2245 re
468 2172 657 2254 dicendum
672 2174 749 2247 erit.
801 2171 963 2246 Tandem
979 2171 1005 2248 st
1021 2185 1107 2245 nota
1118 2173 1205 2250 anni
1228 2179 1320 2266 1466
1342 2187 1382 2245 vt
1403 2171 1487 2246 falsa
1500 2174 1600 2247 reiici
1611 2174 1735 2269 nequit
1747 2230 1756 2261 ,
1770 2198 1888 2272 neque
1903 2197 2036 2252 nomen
2048 2173 2264 2275 typographi

316 2279 319 2286 '
412 2268 606 2372 'suspettum
621 2270 902 2371 adspicipoterit.
945 2267 1306 2344 Allillamvtsalsam
1320 2271 1524 2355 declarare,
1548 2270 1754 2350 difficultate
1773 2275 1868 2347 haud
1881 2274 2032 2360 carebit,
2060 2277 2148 2352 dum
2172 2276 2263 2354 istud

415 2370 501 2447 anni
516 2370 686 2446 indicium
700 2394 772 2444 non
794 2367 905 2443 solam
919 2368 956 2443 in
973 2369 1169 2465 exemplari
1180 2368 1455 2454 Brunsuicensr,
1486 2367 1594 2444 sedin
1607 2371 1668 2444 illo
1682 2393 1847 2468 qnoque,
1878 2372 1974 2467 quod
1989 2375 2026 2446 in
2039 2355 2264 2451 Bibliothesa

352 2543 361 2566 l
413 2468 566 2562 Collegii
579 2467 624 2542 ad
638 2468 675 2545 S.
691 2468 919 2544 Saluatorem
930 2464 1111 2561 Augustae
1129 2465 1355 2552 adseruatur,
1389 2467 1587 2562 &egomet
1603 2471 1754 2567 propriis
1775 2469 1888 2541 oculis
1907 2469 2138 2566 perlustrans,
2158 2473 2204 2546 a'd
2221 2473 2263 2549 fi·

271 2653 273 2656 ,
414 2589 499 2641 nem
511 2564 1218 2665 Apocalypfissequentibusrubrocolore
1232 2555 1406 2640 adiestum
1421 2566 1592 2641 habetur:
1629 2565 1735 2642 Anno
1751 2563 1900 2641 LXVI.
1945 2566 2070 2664 ltaque
2089 2570 2147 2644 vbi
2165 2570 2261 2656 duo,
2326 2601 2332 2616 ·

415 2664 611 2761 &quidem
632 2664 783 2751 diuersi,
802 2664 861 2739 sed
873 2666 1177 2763 eodemtempore
1190 2664 1378 2752 uiuentes,
1403 2668 1546 2742 nemine
1558 2656 1848 2751 contradicente,
1869 2665 1907 2739 in
1920 2667 2047 2740 eadem
2060 2689 2098 2742 re
2114 2691 2262 2747 narran-

285 2787 291 2794 ·
370 2763 719 2856 ¹dacouseatiunt,
739 2764 853 2842 maior
866 2762 916 2840 est
929 2761 1019 2841 fides
1030 2763 1099 2838 illis
1113 2761 1335 2847 adhibenda,
1362 2785 1469 2860 quam
1482 2761 1577 2836 mille
1590 2761 1668 2836 aliis
1680 2762 1981 2850 reclamantibus,
2002 2765 2064 2865 qui
2079 2765 2155 2862 post
2183 2766 2263 2864 plu·
2380 2820 2384 2824 -

412 2884 592 2961 res‚quam
605 2864 906 2939 ducentosannos
925 2862 1020 2938 inter
1040 2863 1142 2938 viuos
1154 2861 1390 2937 versabantur.
1404 2861 1653 2936 Adsertionem
1667 2881 1812 2960 quoque
1831 2861 1986 2937 nostram
1999 2865 2110 2946 ‘haud
2135 2889 2263 2962 parum
2325 2947 2328 2952 J

413 2962 629 3036 confirmant
643 2968 699 3037 tot
719 2961 958 3059 exemplaria,
988 2960 1131 3058 quaein
1154 2960 1292 3037 nostrae
1307 2960 1463 3055 regionis
1480 2957 1712 3035 Bibliothecis
1725 2974 1864 3037 extant.
1886 2961 2012 3036 Nostra
2038 2961 2261 3039 Bibliotheca

369 3069 373 3076 '
413 3060 485 3133 dno
505 3060 621 3135 adhuc
645 3074 731 3136 ante
755 3073 830 3135 tres
844 3083 958 3135 annos
970 3059 1167 3157 possederat
1177 3082 1188 3152 ;
1213 3060 1324 3136 Porro
1340 3070 1481 3155 praeter
1499 3056 1591 3132 haec
1610 3082 1721 3134 vnum
1741 3061 1923 3135 inuenitur
1938 3059 2034 3158 apud
2057 3061 2262 3136 Canonicos

280 3209 290 3242 ,
413 3158 612 3253 Regulares
626 3158 721 3236 adS.
738 3180 973 3236 unonarvm:
996 3158 1148 3233 alterum
1161 3155 1373 3254 conspicitur
1384 3157 1421 3231 iu
1437 3156 1600 3253 Collegio
1615 3156 1661 3232 ad
1674 3154 1943 3233 &Saloatorem
1995 3159 2163 3236 Gaudeat
2194 3160 2259 3233 iis-

338 3305 342 3311 ·
368 3299 370 3304 s
410 3258 496 3343 ‚dom
506 3257 630 3335 Bibliis
644 3258 888 3334 Bibliothecae
905 3257 1102 3354 Imperialis
1114 3255 1316 3333 Mouaslerii
1332 3253 1561 3344 Vrsraenlls,
1579 3257 1617 3334 δι
1629 3256 1933 3355 Tinerhauptani,
1959 3257 1997 3335 &
2017 3257 2138 3348 aliae,
2169 3275 2261 3355 quaa

413 3354 630 3444 recensere,
644 3356 946 3457 superuacaneum
958 3356 1112 3432 videtur.

510 3456 667 3537 Vnicum
681 3457 799 3532 adhuc
811 3468 1064 3552 argumentum
1076 3454 1182 3530 restat
1193 3452 1401 3528 soluendum
1421 3506 1431 3538 ,
1457 3476 1529 3549 quo
1554 3450 1743 3526 aduersarii
1768 3452 1874 3527 nostri
1891 3452 1938 3527 ad
1963 3450 2174 3529 sententiam
2194 3477 2262 3529 no·
2316 3461 2330 3472 “
2356 3489 2362 3496 ·

260 3559 282 3625 ι”
415 3552 521 3628 stram
548 3555 804 3651 profligandam
818 3568 966 3630 vtuntur
978 3578 989 3650 ς
1010 3553 1139 3628 scilicet
1152 3551 1278 3627 andam
1304 3563 1401 3625 extat
1427 3549 1702 3650 typographicam
1716 3563 1960 3626 monumentum
1987 3549 2040 3625 sris
2057 3550 2258 3626 eternam·-

299 3816 304 3832 ,
375 3764 384 3774 ”
413 3773 665 3826 nunninavm
688 3765 777 3850 typo
813 3753 827 3827 i

289 3677 296 3694 ¹·
414 3649 476 3725 bas
492 3678 513 3727 a
530 3675 744 3736 nanniano
758 3651 926 3826 tacendam.
978 3654 1072 3741 Quid
1086 3673 1232 3728 veroex
1256 3652 1325 3724 hoc
1345 3667 1557 3745 argumento
1580 3646 1721 3745 prorsus
1745 3652 1915 3744 negatiuo
1931 3649 2096 3725 concludi
2113 3648 2262 3747 potest?

856 3777 877 3825 o
909 3774 1094 3847 nunquam
1118 3749 1217 3825 faisse
1245 3746 1379 3824 asum?
1411 3748 1527 3822 Facile
1551 3749 1589 3824 id
1604 3748 1854 3835 admitterem,
1881 3744 1907 3823 sr
1931 3746 2049 3823 Biblia
2075 3748 2138 3823 ista
2165 3748 2262 3825 intra

412 3849 559 3923 tertium
571 3850 812 3938 decennium,
839 3849 964 3935 idest,
991 3851 1036 3926 ab
1057 3873 1154 3924 anno
1187 3870 1341 3945 1472-
1364 3860 1412 3936 80
1437 3845 1577 3921 fuissent
1596 3846 1764 3940 euulgata
1776 3869 1787 3939 ;
1813 3845 1959 3922 astcum
1973 3845 2032 3921 illa
2056 3846 2129 3924 iam
2151 3846 2191 3923 in
2208 3845 2266 3925 se-.
2359 3931 2362 3936 ,

413 3948 521 4042 cundi
534 3948 696 4024 decennii
711 3949 830 4024 medio
844 3948 882 4024 in
895 3948 1012 4023 lucem
1025 3946 1213 4046 prodiisse,
1241 3968 1368 4020 omnes
1382 3945 1604 4041 antiquitatis
1617 3959 1751 4030 notae,
1779 3947 1907 4042 quibus
1919 3945 1978 4021 illa
1989 3948 2148 4042 gaudent
2166 4002 2178 4033 ,
2204 3961 2262 4022 te·

312 4080 316 4100 ν
415 4046 571 4134 stentur,
593 4048 677 4123 huic
689 4049 923 4124 fundamento
937 4049 1123 4123 inhaerere
1147 4069 1218 4121 non
1231 4045 1323 4120 licet
1341 4044 1492 4121 Veritati
1506 4046 1602 4119 enim
1619 4042 1767 4118 omniuo
1795 4043 1988 4121 consonum
2009 4045 2071 4138 est,
2087 4048 2139 4122 rei
2154 4057 2262 4147 typo·
2347 4120 2349 4124 Α

438 4147 603 4244 raphicae
618 4160 767 4243 tyrones
784 4147 969 4242 magistros
986 4146 1065 4223 suos
1077 4146 1338 4240 relinquentes,
1364 4143 1402 4219 dr
1415 4143 1461 4216 ad
1473 4142 1581 4218 alium
1599 4142 1721 4217 locum
1734 4140 1767 4217 se
1780 4141 2006 4222 conferentes
2023 4200 2033 4231 ,
2062 4145 2120 4220 vel
2136 4147 2265 4220 chara·

411 4170 524 4321 fleres
549 4247 594 4322 ab
618 4245 686 4321 illis
705 4248 776 4321 iam
788 4246 964 4343 sculptos,
992 4247 1049 4320 vel
1074 4267 1199 4319 eorum
1211 4241 1364 4317 formam
1377 4241 1499 4318 saltem
1511 4295 1522 4329 ,
1536 4242 1582 4317 ad
1594 4265 1703 4340 quam
1715 4241 1768 4317 isti
1788 4241 1849 4318 libi
1864 4265 1978 4318 nouos
1994 4241 2184 4340 sculpsere,
2201 4243 2261 4317 vel

411 4343 559 4433 furtim,
583 4346 641 4419 vel
655 4346 825 4420 facultate
839 4345 932 4422 adid
951 4346 1097 4421 obtenta
1113 4340 1229 4416 secum
1242 4340 1375 4428 naiffe,
1394 4342 1591 4438 iisdemque
1609 4342 1722 4438 prima
1736 4342 1822 4416 artis
1834 4340 1927 4414 illius
1941 4341 2139 4416 tentamina
2152 4341 2189 4415 in
2205 4339 2261 4414 lu-

286 4450 288 4454 ’
331 4471 349 4529 '.
412 4464 493 4516 cem
505 4442 671 4529 emisisse,
699 4443 887 4519 donecsrbi
902 4465 1035 4519 nouam
1050 4441 1108 4517 vel
1134 4439 1343 4537 sculpendi,
1376 4440 1434 4513 vel
1447 4440 1619 4516 suadendi
1633 4441 1785 4514 sormam
1798 4437 2001 4520 eisrnxeriot
2028 4491 2038 4523 ,
2071 4459 2261 4538 nouosque
2298 4515 2309 4523 ,

413 4541 632 4616 charatieres
647 4543 760 4617 multo
773 4542 917 4629 labore,
943 4564 987 4617 ac
1002 4541 1141 4635 sumptu
1153 4538 1402 4634 compararint
1450 4540 1526 4613 Ida
1540 4561 1755 4630 nanniano
1769 4537 1885 4614 nostro
1900 4534 2138 4635 sieripotuilse
2165 4592 2175 4625 ,
2195 4560 2261 4613 ne·

313 4639 315 4644 ’
413 4664 473 4715 nro
488 4640 710 4718 inficiabitur.
761 4642 867 4730 Quod
882 4653 1002 4726 autem
1016 4640 1154 4714 nullum
1170 4637 1392 4733 aliudopus,
1415 4647 1560 4733 praeter
1572 4640 1660 4712 haec
1673 4637 1813 4732 Biblia,
1841 4636 1969 4711 iisdem
1982 4635 2191 4724 excuderit,
2212 4659 2261 4734 ex

378 4789 381 4794 ·
412 4739 637 4835 sequentibus
650 4742 848 4823 rationibus
871 4741 907 4815 id
922 4738 1054 4816 fastum
1069 4736 1189 4823 fuisse,
1224 4735 1313 4812 milri
1329 4736 1495 4813 videtur:
1528 4735 1748 4812 charasteres
1775 4790 1784 4821 ,
1807 4736 1877 4809 hoc
1903 4733 2123 4813 voluminosa
2151 4758 2261 4835 opere
2304 4777 2314 4786 —

414 4839 651 4932 imprimendo
689 4839 833 4916 forsitan
860 4839 910 4916 ita
930 4838 1050 4914 adtriti
1062 4837 1163 4913 suere
1184 4890 1193 4921 ,
1216 4846 1260 4911 vt
1272 4835 1319 4910 ad
1334 4834 1539 4911 ulteriorem
1554 4833 1654 4911 vsum
1669 4834 1825 4909 maxima
1844 4858 1891 4909 ex
1904 4847 2007 4932 parte
2037 4836 2183 4911 inutiles
2208 4836 2263 4911 el-

413 4935 495 5011 sesti
511 4938 669 5032 suerint;
693 4939 751 5013 vel
763 4959 1024 5021 saracenus,
1049 4935 1174 5017 Bibliis
1190 4933 1382 5034 impressis,
1411 4934 1577 5032 exemplo
1590 4934 1740 5009 aliorum
1756 4934 2088 5032 typographorum,
2106 4957 2262 5031 quorum

332 5036 335 5050 '
415 5036 608 5132 quemlibet
626 5040 805 5135 propriam
819 5036 1062 5114 charasierum
1085 5038 1238 5110 somnam
1262 5030 1443 5119 habuisse,
1486 5034 1677 5118 nouimus,
1698 5034 1876 5131 propriam
1893 5056 2036 5132 quoque
2055 5056 2178 5108 eorum
2197 5030 2262 5109 nbi

414 5132 574 5218 elsrnxit,
600 5137 799 5234 iisdemque
814 5135 1026 5210 excudendo
1040 5156 1173 5209 nomen
1187 5130 1288 5207 sunm
1302 5154 1500 5229 propagare
1514 5132 1654 5210 studuit.

512 5234 614 5309 Haec
626 5234 676 5309 est
691 5258 773 5310 mea
785 5233 967 5310 deBibliis
981 5230 1240 5310 Baemlerianis
1252 5228 1450 5316 sententia,
1477 5233 1646 5330 adquam
1660 5228 1943 5328 amplctiendam
1959 5253 2018 5306 me
2043 5238 2120 5303 tam
2149 5227 2261 5306 docu-

412 5348 536 5412 menta
554 5332 775 5438 synchrona,
797 5356 906 5435 qaam
918 5331 1080 5433 proaime
1097 5328 1297 5429 synchrona
1307 5384 1320 5425 ,
1337 5352 1361 5411 a
1378 5343 1433 5408 tot
1446 5330 1530 5413 vnis
1543 5332 1742 5414 eruditione
1754 5330 1945 5430 praeclaris
1969 5328 2262 5505 paucisdicontra·
2307 5347 2310 5351 ·

1454 5465 1463 5480 a
2124 5450 2249 5505 ceno·
