<?xml version="1.0" encoding="UTF-8"?>
<!DOCTYPE html PUBLIC "-//W3C//DTD XHTML 1.0 Transitional//EN"
    "http://www.w3.org/TR/xhtml1/DTD/xhtml1-transitional.dtd">
<html xmlns="http://www.w3.org/1999/xhtml" xml:lang="en" lang="en">
 <head>
  <title>
</title>
<meta http-equiv="Content-Type" content="text/html;charset=utf-8" />
  <meta name='ocr-system' content='tesseract 3.04.00' />
  <meta name='ocr-capabilities' content='ocr_page ocr_carea ocr_par ocr_line ocrx_word'/>
</head>
<body>
  <div class='ocr_page' id='page_1' title='image "./notitiahistoric03biblgoog_0056.png"; bbox 0 0 5400 6284; ppageno 0'>
   <div class='ocr_carea' id='block_1_1' title="bbox 387 593 2397 1008">
    <p class='ocr_par' dir='ltr' id='par_1_1' title="bbox 387 593 2397 1008">
     <span class='ocr_line' id='line_1_1' title="bbox 1157 593 2242 712; baseline -0.006 0"><span class='ocrx_word' id='word_1_1' title='bbox 1157 593 1484 712; x_wconf 42' lang='grc' dir='ltr'><strong>ᾠῷ*</strong></span> <span class='ocrx_word' id='word_1_2' title='bbox 2192 625 2242 708; x_wconf 77' lang='lat' dir='ltr'><strong>a</strong></span> 
     </span>
     <span class='ocr_line' id='line_1_2' title="bbox 397 795 2397 925; baseline -0.018 -21"><span class='ocrx_word' id='word_1_3' title='bbox 397 839 409 920; x_wconf 69' lang='grc' dir='ltr'>ᾗ</span> <span class='ocrx_word' id='word_1_4' title='bbox 439 828 496 903; x_wconf 85' lang='lat' dir='ltr'><strong>lae</strong></span> <span class='ocrx_word' id='word_1_5' title='bbox 505 821 658 925; x_wconf 79' lang='lat' dir='ltr'><strong>paginae</strong></span> <span class='ocrx_word' id='word_1_6' title='bbox 675 841 718 914; x_wconf 85' lang='lat'><strong>35</strong></span> <span class='ocrx_word' id='word_1_7' title='bbox 747 815 1031 917; x_wconf 71' lang='lat' dir='ltr'><strong>complodantur</strong></span> <span class='ocrx_word' id='word_1_8' title='bbox 1052 810 1180 889; x_wconf 72' lang='lat' dir='ltr'><strong>lineae</strong></span> <span class='ocrx_word' id='word_1_9' title='bbox 1216 806 1351 885; x_wconf 88' lang='lat' dir='ltr'>Desunt</span> <span class='ocrx_word' id='word_1_10' title='bbox 1366 803 1549 891; x_wconf 82' lang='lat' dir='ltr'><strong>custodes,</strong></span> <span class='ocrx_word' id='word_1_11' title='bbox 1569 795 2009 918; x_wconf 60' lang='lat' dir='ltr'><strong>padnnunnuneris&amp;</strong></span> <span class='ocrx_word' id='word_1_12' title='bbox 2026 797 2234 916; x_wconf 70' lang='lat' dir='ltr'><strong>lignaturae</strong></span> <span class='ocrx_word' id='word_1_13' title='bbox 2393 861 2397 868; x_wconf 90' lang='grc'><em>,</em></span> 
     </span>
     <span class='ocr_line' id='line_1_3' title="bbox 387 850 2236 1008; baseline -0.017 -3"><span class='ocrx_word' id='word_1_14' title='bbox 387 850 508 1004; x_wconf 55' lang='lat' dir='ltr'><strong>gimo</strong></span> <span class='ocrx_word' id='word_1_15' title='bbox 521 921 665 1000; x_wconf 76' lang='lat' dir='ltr'><strong>initialis</strong></span> <span class='ocrx_word' id='word_1_16' title='bbox 681 919 798 994; x_wconf 83' lang='lat' dir='ltr'><strong>littera</strong></span> <span class='ocrx_word' id='word_1_17' title='bbox 812 918 862 993; x_wconf 80' lang='lat' dir='ltr'><strong>eli</strong></span> <span class='ocrx_word' id='word_1_18' title='bbox 875 913 1017 998; x_wconf 87' lang='lat' dir='ltr'><strong>omissa,</strong></span> <span class='ocrx_word' id='word_1_19' title='bbox 1044 911 1204 1008; x_wconf 87' lang='lat' dir='ltr'><strong>reliquae</strong></span> <span class='ocrx_word' id='word_1_20' title='bbox 1221 930 1307 985; x_wconf 77' lang='lat' dir='ltr'><strong>vero</strong></span> <span class='ocrx_word' id='word_1_21' title='bbox 1320 905 1539 980; x_wconf 85' lang='lat' dir='ltr'><strong>sunteodem</strong></span> <span class='ocrx_word' id='word_1_22' title='bbox 1557 919 1665 999; x_wconf 82' lang='lat' dir='ltr'><strong>typo,</strong></span> <span class='ocrx_word' id='word_1_23' title='bbox 1687 926 1761 999; x_wconf 79' lang='lat' dir='ltr'><strong>quo</strong></span> <span class='ocrx_word' id='word_1_24' title='bbox 1781 901 1852 1000; x_wconf 83' lang='lat' dir='ltr'><strong>lpse</strong></span> <span class='ocrx_word' id='word_1_25' title='bbox 1874 915 2015 983; x_wconf 83' lang='lat' dir='ltr'><strong>textus,</strong></span> <span class='ocrx_word' id='word_1_26' title='bbox 2044 906 2236 1001; x_wconf 63' lang='lat' dir='ltr'><strong>expet-liae.</strong></span> 
     </span>
    </p>
   </div>
   <div class='ocr_carea' id='block_1_2' title="bbox 318 1001 2265 1296">
    <p class='ocr_par' dir='ltr' id='par_1_2' title="bbox 318 1001 2265 1296">
     <span class='ocr_line' id='line_1_4' title="bbox 391 1001 2237 1121; baseline -0.018 -20"><span class='ocrx_word' id='word_1_27' title='bbox 391 1022 552 1121; x_wconf 85' lang='lat' dir='ltr'><strong>Impreila</strong></span> <span class='ocrx_word' id='word_1_28' title='bbox 574 1021 624 1094; x_wconf 86' lang='lat' dir='ltr'><strong>est</strong></span> <span class='ocrx_word' id='word_1_29' title='bbox 637 1017 762 1096; x_wconf 85' lang='lat' dir='ltr'><strong>iisdem</strong></span> <span class='ocrx_word' id='word_1_30' title='bbox 776 1013 1057 1097; x_wconf 76' lang='lat' dir='ltr'><strong>charaiteribus,</strong></span> <span class='ocrx_word' id='word_1_31' title='bbox 1091 1012 1221 1112; x_wconf 79' lang='lat' dir='ltr'><strong>quitus</strong></span> <span class='ocrx_word' id='word_1_32' title='bbox 1245 1004 1440 1082; x_wconf 75' lang='lat' dir='ltr'><strong>Gentianus</strong></span> <span class='ocrx_word' id='word_1_33' title='bbox 1452 1023 1609 1080; x_wconf 72' lang='lat' dir='ltr'><strong>antiton</strong></span> <span class='ocrx_word' id='word_1_34' title='bbox 1628 1025 1728 1116; x_wconf 80' lang='lat' dir='ltr'><strong>anuo</strong></span> <span class='ocrx_word' id='word_1_35' title='bbox 1742 1019 1832 1094; x_wconf 84' lang='lat'>1468</span> <span class='ocrx_word' id='word_1_36' title='bbox 1859 1001 2113 1116; x_wconf 29' lang='lat' dir='ltr'><strong>‘Meditatr&#39;ones</strong></span> <span class='ocrx_word' id='word_1_37' title='bbox 2130 1005 2170 1078; x_wconf 81' lang='lat' dir='ltr'><strong>de</strong></span> <span class='ocrx_word' id='word_1_38' title='bbox 2185 1008 2237 1080; x_wconf 83' lang='lat' dir='ltr'><strong>vi.</strong></span> 
     </span>
     <span class='ocr_line' id='line_1_5' title="bbox 318 1098 2265 1296; baseline -0.012 -96"><span class='ocrx_word' id='word_1_39' title='bbox 318 1135 321 1142; x_wconf 89' lang='lat'>&#39;</span> <span class='ocrx_word' id='word_1_40' title='bbox 386 1133 425 1198; x_wconf 79' lang='lat' dir='ltr'><strong>to</strong></span> <span class='ocrx_word' id='word_1_41' title='bbox 449 1120 489 1197; x_wconf 64' lang='lat' dir='ltr'><strong>ii</strong></span> <span class='ocrx_word' id='word_1_42' title='bbox 502 1121 648 1296; x_wconf 44' lang='lat' dir='ltr'><strong>Pappoua</strong></span> <span class='ocrx_word' id='word_1_43' title='bbox 665 1117 829 1198; x_wconf 80' lang='lat' dir='ltr'><strong><em>Domini,</em></strong></span> <span class='ocrx_word' id='word_1_44' title='bbox 858 1115 895 1190; x_wconf 80' lang='lat' dir='ltr'><strong>dr</strong></span> <span class='ocrx_word' id='word_1_45' title='bbox 920 1111 1064 1187; x_wconf 83' lang='lat' dir='ltr'><strong>Ioannes</strong></span> <span class='ocrx_word' id='word_1_46' title='bbox 1089 1127 1334 1190; x_wconf 64' lang='lat' dir='ltr'><strong>mutassent</strong></span> <span class='ocrx_word' id='word_1_47' title='bbox 1348 1126 1445 1184; x_wconf 79' lang='lat' dir='ltr'><strong>anuo</strong></span> <span class='ocrx_word' id='word_1_48' title='bbox 1467 1124 1571 1198; x_wconf 76' lang='lat'>1470.</span> <span class='ocrx_word' id='word_1_49' title='bbox 1596 1099 1727 1198; x_wconf 76' lang='lat' dir='ltr'><strong>Iosepin</strong></span> <span class='ocrx_word' id='word_1_50' title='bbox 1747 1099 1864 1174; x_wconf 81' lang='lat' dir='ltr'><strong>Iudaei</strong></span> <span class='ocrx_word' id='word_1_51' title='bbox 1877 1098 2112 1196; x_wconf 82' lang='lat' dir='ltr'><strong>Antequrtotes</strong></span> <span class='ocrx_word' id='word_1_52' title='bbox 2135 1104 2238 1178; x_wconf 86' lang='lat' dir='ltr'><strong>cuul-</strong></span> <span class='ocrx_word' id='word_1_53' title='bbox 2261 1125 2265 1136; x_wconf 85' lang='grc'>’</span> 
     </span>
    </p>
   </div>
   <div class='ocr_carea' id='block_1_3' title="bbox 387 1213 2237 1400">
    <p class='ocr_par' dir='ltr' id='par_1_3' title="bbox 387 1213 2237 1400">
     <span class='ocr_line' id='line_1_6' title="bbox 387 1213 2134 1318; baseline -0.021 -22"><span class='ocrx_word' id='word_1_54' title='bbox 387 1234 528 1318; x_wconf 79' lang='lat' dir='ltr'><strong>garum.</strong></span> <span class='ocrx_word' id='word_1_55' title='bbox 591 1219 703 1295; x_wconf 72' lang='lat' dir='ltr'><strong>,Tau</strong></span> <span class='ocrx_word' id='word_1_56' title='bbox 719 1216 762 1288; x_wconf 86' lang='lat' dir='ltr'><strong>lt</strong></span> <span class='ocrx_word' id='word_1_57' title='bbox 777 1213 820 1287; x_wconf 78' lang='lat' dir='ltr'><strong>tl.</strong></span> <span class='ocrx_word' id='word_1_58' title='bbox 837 1213 897 1288; x_wconf 76' lang='lat' dir='ltr'><strong>lli.</strong></span> <span class='ocrx_word' id='word_1_59' title='bbox 1615 1301 1634 1315; x_wconf 88' lang='lat'><strong>..</strong></span> <span class='ocrx_word' id='word_1_60' title='bbox 1728 1247 1731 1252; x_wconf 91' lang='lat'><em>-</em></span> <span class='ocrx_word' id='word_1_61' title='bbox 2123 1249 2134 1260; x_wconf 83' lang='lat'><em>.</em></span> 
     </span>
     <span class='ocr_line' id='line_1_7' title="bbox 486 1298 2237 1400; baseline -0.01 -7"><span class='ocrx_word' id='word_1_62' title='bbox 486 1319 701 1393; x_wconf 86' lang='lat' dir='ltr'><strong>Editionem.</strong></span> <span class='ocrx_word' id='word_1_63' title='bbox 716 1314 816 1388; x_wconf 83' lang='lat' dir='ltr'><strong>iliam</strong></span> <span class='ocrx_word' id='word_1_64' title='bbox 841 1311 913 1384; x_wconf 89' lang='lat' dir='ltr'><strong>iam</strong></span> <span class='ocrx_word' id='word_1_65' title='bbox 940 1328 1057 1383; x_wconf 85' lang='lat' dir='ltr'><strong>annos</strong></span> <span class='ocrx_word' id='word_1_66' title='bbox 1077 1312 1169 1400; x_wconf 79' lang='lat'><strong>¹4⁶8</strong></span> <span class='ocrx_word' id='word_1_67' title='bbox 1190 1339 1241 1360; x_wconf 90' lang='lat'><strong>···</strong></span> <span class='ocrx_word' id='word_1_68' title='bbox 1265 1323 1309 1398; x_wconf 75' lang='lat'><strong>73</strong></span> <span class='ocrx_word' id='word_1_69' title='bbox 1340 1302 1377 1375; x_wconf 89' lang='lat' dir='ltr'><strong>in</strong></span> <span class='ocrx_word' id='word_1_70' title='bbox 1391 1301 1509 1376; x_wconf 89' lang='lat' dir='ltr'><strong>lucem</strong></span> <span class='ocrx_word' id='word_1_71' title='bbox 1524 1298 1709 1396; x_wconf 82' lang='lat' dir='ltr'><strong>produile,</strong></span> <span class='ocrx_word' id='word_1_72' title='bbox 1728 1298 1946 1395; x_wconf 86' lang='lat' dir='ltr'><strong>indepatet,</strong></span> <span class='ocrx_word' id='word_1_73' title='bbox 1978 1298 2075 1394; x_wconf 90' lang='lat' dir='ltr'><strong>quod</strong></span> <span class='ocrx_word' id='word_1_74' title='bbox 2097 1299 2237 1376; x_wconf 89' lang='lat' dir='ltr'><strong>nullum</strong></span> 
     </span>
    </p>
   </div>
   <div class='ocr_carea' id='block_1_4' title="bbox 284 1397 2291 2097">
    <p class='ocr_par' dir='ltr' id='par_1_4' title="bbox 366 1397 2237 1606">
     <span class='ocr_line' id='line_1_8' title="bbox 366 1397 2237 1516; baseline -0.011 -23"><span class='ocrx_word' id='word_1_75' title='bbox 366 1441 477 1516; x_wconf 73' lang='lat' dir='ltr'><strong>epus</strong></span> <span class='ocrx_word' id='word_1_76' title='bbox 489 1419 561 1490; x_wconf 88' lang='lat' dir='ltr'><strong>hoe</strong></span> <span class='ocrx_word' id='word_1_77' title='bbox 576 1412 777 1490; x_wconf 69' lang='lat' dir='ltr'><strong>emanere</strong></span> <span class='ocrx_word' id='word_1_78' title='bbox 794 1407 998 1506; x_wconf 78' lang='lat' dir='ltr'><strong>impressum</strong></span> <span class='ocrx_word' id='word_1_79' title='bbox 1017 1429 1115 1487; x_wconf 71' lang='lat' dir='ltr'><strong>antro</strong></span> <span class='ocrx_word' id='word_1_80' title='bbox 1140 1424 1209 1498; x_wconf 82' lang='lat'><strong>147</strong></span> <span class='ocrx_word' id='word_1_81' title='bbox 1215 1424 1230 1494; x_wconf 83' lang='lat'>3</span> <span class='ocrx_word' id='word_1_82' title='bbox 1263 1400 1379 1497; x_wconf 80' lang='lat' dir='ltr'><strong>elapso</strong></span> <span class='ocrx_word' id='word_1_83' title='bbox 1394 1401 1577 1496; x_wconf 80' lang='lat' dir='ltr'><strong>adpareat.</strong></span> <span class='ocrx_word' id='word_1_84' title='bbox 1615 1399 1669 1474; x_wconf 89' lang='lat' dir='ltr'><strong>Cl.</strong></span> <span class='ocrx_word' id='word_1_85' title='bbox 1684 1422 1848 1478; x_wconf 80' lang='lat' dir='ltr'><strong>zaorrvs</strong></span> <span class='ocrx_word' id='word_1_86' title='bbox 1859 1402 1903 1475; x_wconf 90' lang='lat' dir='ltr'><strong>de</strong></span> <span class='ocrx_word' id='word_1_87' title='bbox 1918 1397 2111 1476; x_wconf 74' lang='lat' dir='ltr'><strong>eanulhm</strong></span> <span class='ocrx_word' id='word_1_88' title='bbox 2123 1399 2237 1479; x_wconf 64' lang='lat' dir='ltr'><strong>nabe</strong></span> 
     </span>
     <span class='ocr_line' id='line_1_9' title="bbox 382 1499 1676 1606; baseline -0.015 -14"><span class='ocrx_word' id='word_1_89' title='bbox 382 1517 616 1598; x_wconf 62' lang='lat' dir='ltr'><strong>itnotitiam,</strong></span> <span class='ocrx_word' id='word_1_90' title='bbox 639 1537 685 1588; x_wconf 86' lang='lat' dir='ltr'><strong>ex</strong></span> <span class='ocrx_word' id='word_1_91' title='bbox 699 1533 770 1606; x_wconf 91' lang='lat' dir='ltr'><strong>quo</strong></span> <span class='ocrx_word' id='word_1_92' title='bbox 783 1511 911 1584; x_wconf 84' lang='lat' dir='ltr'><strong>merito</strong></span> <span class='ocrx_word' id='word_1_93' title='bbox 925 1506 1230 1583; x_wconf 83' lang='lat' dir='ltr'><strong>Bibliothecarum</strong></span> <span class='ocrx_word' id='word_1_94' title='bbox 1245 1499 1397 1576; x_wconf 86' lang='lat' dir='ltr'><strong>cimeliis</strong></span> <span class='ocrx_word' id='word_1_95' title='bbox 1410 1501 1676 1574; x_wconf 81' lang='lat' dir='ltr'><strong>adnumeratur.</strong></span> 
     </span>
    </p>

    <p class='ocr_par' dir='ltr' id='par_1_5' title="bbox 284 1593 2291 2097">
     <span class='ocr_line' id='line_1_10' title="bbox 479 1593 2291 1707; baseline -0.006 -19"><span class='ocrx_word' id='word_1_96' title='bbox 479 1614 600 1688; x_wconf 84' lang='lat' dir='ltr'><strong>Huius</strong></span> <span class='ocrx_word' id='word_1_97' title='bbox 612 1609 837 1707; x_wconf 76' lang='lat' dir='ltr'><strong>expolitionis</strong></span> <span class='ocrx_word' id='word_1_98' title='bbox 851 1605 987 1682; x_wconf 73' lang='lat' dir='ltr'><strong>Aulion</strong></span> <span class='ocrx_word' id='word_1_99' title='bbox 1004 1604 1054 1681; x_wconf 86' lang='lat' dir='ltr'><strong>est</strong></span> <span class='ocrx_word' id='word_1_100' title='bbox 1064 1601 1220 1697; x_wconf 79' lang='lat' dir='ltr'><em>Angelus</em></span> <span class='ocrx_word' id='word_1_101' title='bbox 1233 1599 1273 1675; x_wconf 80' lang='lat' dir='ltr'><strong>rie</strong></span> <span class='ocrx_word' id='word_1_102' title='bbox 1288 1619 1532 1682; x_wconf 85' lang='lat' dir='ltr'><strong>unvnsvrco,</strong></span> <span class='ocrx_word' id='word_1_103' title='bbox 1559 1600 1621 1694; x_wconf 88' lang='lat' dir='ltr'><strong>qui</strong></span> <span class='ocrx_word' id='word_1_104' title='bbox 1636 1598 1674 1674; x_wconf 75' lang='lat' dir='ltr'><strong>u</strong></span> <span class='ocrx_word' id='word_1_105' title='bbox 1688 1616 1939 1672; x_wconf 75' lang='lat' dir='ltr'><strong>accuramus</strong></span> <span class='ocrx_word' id='word_1_106' title='bbox 1953 1593 2104 1688; x_wconf 82' lang='lat' dir='ltr'><strong>dicitur,</strong></span> <span class='ocrx_word' id='word_1_107' title='bbox 2130 1599 2236 1676; x_wconf 86' lang='lat' dir='ltr'><strong>virio</strong></span> <span class='ocrx_word' id='word_1_108' title='bbox 2287 1669 2291 1678; x_wconf 94' lang='grc'><em>,</em></span> 
     </span>
     <span class='ocr_line' id='line_1_11' title="bbox 284 1695 2240 1807; baseline -0.008 -18"><span class='ocrx_word' id='word_1_109' title='bbox 284 1735 287 1746; x_wconf 93' lang='grc'><strong><em>·</em></strong></span> <span class='ocrx_word' id='word_1_110' title='bbox 382 1713 517 1788; x_wconf 78' lang='lat' dir='ltr'><strong>‹liuims</strong></span> <span class='ocrx_word' id='word_1_111' title='bbox 533 1705 993 1807; x_wconf 81' lang='lat' dir='ltr'><strong>scripturiseruditillimus,</strong></span> <span class='ocrx_word' id='word_1_112' title='bbox 1012 1703 1279 1798; x_wconf 80' lang='lat' dir='ltr'><strong>ingenioacer,</strong></span> <span class='ocrx_word' id='word_1_113' title='bbox 1303 1699 1400 1773; x_wconf 85' lang='lat' dir='ltr'><strong>vitae</strong></span> <span class='ocrx_word' id='word_1_114' title='bbox 1414 1697 1639 1795; x_wconf 81' lang='lat' dir='ltr'><strong>praeclarus,</strong></span> <span class='ocrx_word' id='word_1_115' title='bbox 1665 1697 1726 1792; x_wconf 85' lang='lat' dir='ltr'><strong>qui</strong></span> <span class='ocrx_word' id='word_1_116' title='bbox 1738 1695 1946 1790; x_wconf 82' lang='lat' dir='ltr'><strong>Mogontiae</strong></span> <span class='ocrx_word' id='word_1_117' title='bbox 1966 1697 2082 1771; x_wconf 89' lang='lat' dir='ltr'><strong>multo</strong></span> <span class='ocrx_word' id='word_1_118' title='bbox 2094 1709 2240 1796; x_wconf 84' lang='lat' dir='ltr'><strong>tempo·</strong></span> 
     </span>
     <span class='ocr_line' id='line_1_12' title="bbox 381 1793 2247 1907; baseline -0.005 -24"><span class='ocrx_word' id='word_1_119' title='bbox 381 1832 425 1887; x_wconf 82' lang='lat' dir='ltr'><strong>re</strong></span> <span class='ocrx_word' id='word_1_120' title='bbox 439 1808 691 1907; x_wconf 80' lang='lat' dir='ltr'><strong>praedicatorio</strong></span> <span class='ocrx_word' id='word_1_121' title='bbox 714 1805 812 1904; x_wconf 83' lang='lat' dir='ltr'><strong>geffit</strong></span> <span class='ocrx_word' id='word_1_122' title='bbox 825 1802 991 1880; x_wconf 78' lang='lat' dir='ltr'><strong>officium.</strong></span> <span class='ocrx_word' id='word_1_123' title='bbox 1054 1799 1301 1879; x_wconf 78' lang='lat' dir='ltr'><strong>Claruitcirca</strong></span> <span class='ocrx_word' id='word_1_124' title='bbox 1321 1798 1482 1872; x_wconf 89' lang='lat' dir='ltr'><strong>medium</strong></span> <span class='ocrx_word' id='word_1_125' title='bbox 1495 1795 1600 1871; x_wconf 88' lang='lat' dir='ltr'><strong>seculi</strong></span> <span class='ocrx_word' id='word_1_126' title='bbox 1612 1793 1691 1872; x_wconf 87' lang='lat' dir='ltr'><strong>XV.</strong></span> <span class='ocrx_word' id='word_1_127' title='bbox 1733 1794 1926 1882; x_wconf 84' lang='lat' dir='ltr'><strong>Eamdern,</strong></span> <span class='ocrx_word' id='word_1_128' title='bbox 1945 1795 2069 1890; x_wconf 85' lang='lat' dir='ltr'><strong>paucis</strong></span> <span class='ocrx_word' id='word_1_129' title='bbox 2092 1797 2247 1888; x_wconf 60' lang='lat' dir='ltr'><strong>omine..</strong></span> 
     </span>
     <span class='ocr_line' id='line_1_13' title="bbox 384 1892 2235 1993; baseline -0.008 -9"><span class='ocrx_word' id='word_1_130' title='bbox 384 1909 564 1985; x_wconf 89' lang='lat' dir='ltr'><strong>nonnullis</strong></span> <span class='ocrx_word' id='word_1_131' title='bbox 578 1907 726 1993; x_wconf 85' lang='lat' dir='ltr'><strong>additis,</strong></span> <span class='ocrx_word' id='word_1_132' title='bbox 752 1903 1000 1987; x_wconf 83' lang='lat' dir='ltr'><strong>autmutatis,</strong></span> <span class='ocrx_word' id='word_1_133' title='bbox 1029 1897 1173 1976; x_wconf 81' lang='lat' dir='ltr'><strong>Gabriel</strong></span> <span class='ocrx_word' id='word_1_134' title='bbox 1189 1919 1285 1972; x_wconf 76' lang='lat' dir='ltr'><strong>erar</strong></span> <span class='ocrx_word' id='word_1_135' title='bbox 1298 1894 1517 1971; x_wconf 87' lang='lat' dir='ltr'><strong>Academiae</strong></span> <span class='ocrx_word' id='word_1_136' title='bbox 1531 1892 1762 1987; x_wconf 85' lang='lat' dir='ltr'><strong>Tubingensrs</strong></span> <span class='ocrx_word' id='word_1_137' title='bbox 1784 1892 1955 1968; x_wconf 81' lang='lat' dir='ltr'><strong>Proielior·</strong></span> <span class='ocrx_word' id='word_1_138' title='bbox 1968 1896 2147 1990; x_wconf 82' lang='lat' dir='ltr'><strong>publicus,</strong></span> <span class='ocrx_word' id='word_1_139' title='bbox 2171 1901 2235 1993; x_wconf 76' lang='lat' dir='ltr'><strong>poi</strong></span> 
     </span>
     <span class='ocr_line' id='line_1_14' title="bbox 380 1991 2233 2097; baseline -0.006 -16"><span class='ocrx_word' id='word_1_140' title='bbox 380 2031 479 2083; x_wconf 85' lang='lat' dir='ltr'><strong>anno</strong></span> <span class='ocrx_word' id='word_1_141' title='bbox 498 2020 592 2097; x_wconf 75' lang='lat'>1480</span> <span class='ocrx_word' id='word_1_142' title='bbox 606 2005 776 2088; x_wconf 79' lang='lat' dir='ltr'><strong>florebat,</strong></span> <span class='ocrx_word' id='word_1_143' title='bbox 807 2001 976 2078; x_wconf 84' lang='lat' dir='ltr'><strong>inlueem</strong></span> <span class='ocrx_word' id='word_1_144' title='bbox 989 1998 1113 2080; x_wconf 77' lang='lat' dir='ltr'><strong>emite</strong></span> <span class='ocrx_word' id='word_1_145' title='bbox 1137 1997 1245 2076; x_wconf 72' lang='lat' dir='ltr'><strong>eona</strong></span> <span class='ocrx_word' id='word_1_146' title='bbox 1259 2016 1463 2075; x_wconf 64' lang='lat' dir='ltr'><strong>warneston</strong></span> <span class='ocrx_word' id='word_1_147' title='bbox 1476 1997 1513 2070; x_wconf 86' lang='lat' dir='ltr'><strong>in</strong></span> <span class='ocrx_word' id='word_1_148' title='bbox 1524 1993 1681 2094; x_wconf 84' lang='lat' dir='ltr'><strong>Adpend.</strong></span> <span class='ocrx_word' id='word_1_149' title='bbox 1694 1991 1865 2072; x_wconf 71' lang='lat' dir='ltr'><strong>aterve.</strong></span> <span class='ocrx_word' id='word_1_150' title='bbox 1881 2015 1914 2090; x_wconf 90' lang='lat' dir='ltr'><strong>p.</strong></span> <span class='ocrx_word' id='word_1_151' title='bbox 1935 2016 2017 2088; x_wconf 79' lang='lat'><strong>194.</strong></span> <span class='ocrx_word' id='word_1_152' title='bbox 2031 2012 2233 2072; x_wconf 76' lang='lat' dir='ltr'><strong>ructuant.</strong></span> 
     </span>
    </p>
   </div>
   <div class='ocr_carea' id='block_1_5' title="bbox 378 2099 1032 2202">
    <p class='ocr_par' dir='ltr' id='par_1_6' title="bbox 378 2099 1032 2202">
     <span class='ocr_line' id='line_1_15' title="bbox 378 2099 1032 2202; baseline -0.011 -18"><span class='ocrx_word' id='word_1_153' title='bbox 378 2107 420 2184; x_wconf 85' lang='lat' dir='ltr'><strong>in</strong></span> <span class='ocrx_word' id='word_1_154' title='bbox 431 2103 525 2182; x_wconf 83' lang='lat' dir='ltr'><strong>Bibl.</strong></span> <span class='ocrx_word' id='word_1_155' title='bbox 545 2101 669 2202; x_wconf 72' lang='lat' dir='ltr'><strong>Ecclefi</strong></span> <span class='ocrx_word' id='word_1_156' title='bbox 681 2099 831 2179; x_wconf 80' lang='lat' dir='ltr'><strong>Fabricii</strong></span> <span class='ocrx_word' id='word_1_157' title='bbox 845 2125 879 2199; x_wconf 88' lang='lat' dir='ltr'><strong>p.</strong></span> <span class='ocrx_word' id='word_1_158' title='bbox 892 2121 992 2196; x_wconf 79' lang='lat'>203.·</span> <span class='ocrx_word' id='word_1_159' title='bbox 1029 2149 1032 2160; x_wconf 89' lang='lat'>·</span> 
     </span>
    </p>
   </div>
   <div class='ocr_carea' id='block_1_6' title="bbox 382 2273 2233 2630">
    <p class='ocr_par' dir='ltr' id='par_1_7' title="bbox 382 2273 2233 2630">
     <span class='ocr_line' id='line_1_16' title="bbox 382 2273 2233 2400; baseline -0.004 -26"><span class='ocrx_word' id='word_1_160' title='bbox 382 2283 625 2380; x_wconf 81' lang='lat' dir='ltr'><strong>xxxvm</strong></span> <span class='ocrx_word' id='word_1_161' title='bbox 654 2279 882 2400; x_wconf 77' lang='lat' dir='ltr'>Speculum</span> <span class='ocrx_word' id='word_1_162' title='bbox 907 2277 1120 2368; x_wconf 79' lang='lat' dir='ltr'>humanae</span> <span class='ocrx_word' id='word_1_163' title='bbox 1136 2277 1412 2374; x_wconf 83' lang='lat' dir='ltr'><strong>Salurtionis,</strong></span> <span class='ocrx_word' id='word_1_164' title='bbox 1432 2274 1552 2389; x_wconf 87' lang='lat' dir='ltr'><strong>quod</strong></span> <span class='ocrx_word' id='word_1_165' title='bbox 1567 2273 1795 2389; x_wconf 79' lang='lat' dir='ltr'>Speculum</span> <span class='ocrx_word' id='word_1_166' title='bbox 1809 2274 1855 2367; x_wconf 82' lang='lat' dir='ltr'><strong>B.</strong></span> <span class='ocrx_word' id='word_1_167' title='bbox 1874 2274 2034 2362; x_wconf 87' lang='lat' dir='ltr'><strong>Mariae</strong></span> <span class='ocrx_word' id='word_1_168' title='bbox 2051 2275 2233 2390; x_wconf 75' lang='lat' dir='ltr'><strong>virginio</strong></span> 
     </span>
     <span class='ocr_line' id='line_1_17' title="bbox 495 2388 2233 2505; baseline -0.005 -19"><span class='ocrx_word' id='word_1_169' title='bbox 495 2397 663 2493; x_wconf 84' lang='lat' dir='ltr'><strong>dicitur.</strong></span> <span class='ocrx_word' id='word_1_170' title='bbox 706 2397 921 2482; x_wconf 83' lang='lat' dir='ltr'><strong>Latine&amp;</strong></span> <span class='ocrx_word' id='word_1_171' title='bbox 938 2395 1205 2486; x_wconf 86' lang='lat' dir='ltr'><strong>Germanice.¹</strong></span> <span class='ocrx_word' id='word_1_172' title='bbox 1227 2421 1267 2485; x_wconf 87' lang='lat' dir='ltr'><strong>c,</strong></span> <span class='ocrx_word' id='word_1_173' title='bbox 1283 2388 1382 2505; x_wconf 82' lang='lat' dir='ltr'>figg.</span> <span class='ocrx_word' id='word_1_174' title='bbox 1414 2389 1595 2477; x_wconf 79' lang='lat' dir='ltr'><strong>Accedit</strong></span> <span class='ocrx_word' id='word_1_175' title='bbox 1618 2388 1805 2478; x_wconf 86' lang='lat' dir='ltr'><strong>eiusdem</strong></span> <span class='ocrx_word' id='word_1_176' title='bbox 1830 2391 1966 2503; x_wconf 85' lang='lat' dir='ltr'><strong>operis</strong></span> <span class='ocrx_word' id='word_1_177' title='bbox 1989 2389 2233 2505; x_wconf 80' lang='lat' dir='ltr'><strong>compendi·</strong></span> 
     </span>
     <span class='ocr_line' id='line_1_18' title="bbox 498 2502 1949 2630; baseline -0.006 -32"><span class='ocrx_word' id='word_1_178' title='bbox 498 2540 571 2598; x_wconf 90' lang='lat' dir='ltr'><strong>um</strong></span> <span class='ocrx_word' id='word_1_179' title='bbox 593 2515 765 2602; x_wconf 86' lang='lat' dir='ltr'><strong>metrice</strong></span> <span class='ocrx_word' id='word_1_180' title='bbox 781 2509 984 2630; x_wconf 84' lang='lat' dir='ltr'><strong>scripturn¹</strong></span> <span class='ocrx_word' id='word_1_181' title='bbox 997 2535 1022 2594; x_wconf 86' lang='lat' dir='ltr'><strong>a</strong></span> <span class='ocrx_word' id='word_1_182' title='bbox 1037 2507 1195 2622; x_wconf 82' lang='lat' dir='ltr'><strong>Ioanne</strong></span> <span class='ocrx_word' id='word_1_183' title='bbox 1217 2503 1438 2592; x_wconf 87' lang='lat' dir='ltr'><strong>Monacho</strong></span> <span class='ocrx_word' id='word_1_184' title='bbox 1456 2504 1562 2592; x_wconf 87' lang='lat' dir='ltr'><strong>Sao·</strong></span> <span class='ocrx_word' id='word_1_185' title='bbox 1581 2505 1792 2597; x_wconf 82' lang='lat' dir='ltr'><strong>Vlricano.</strong></span> <span class='ocrx_word' id='word_1_186' title='bbox 1812 2505 1858 2594; x_wconf 89' lang='lat' dir='ltr'><strong>io</strong></span> <span class='ocrx_word' id='word_1_187' title='bbox 1873 2502 1949 2602; x_wconf 73' lang='lat' dir='ltr'><strong>fol.</strong></span> 
     </span>
    </p>
   </div>
   <div class='ocr_carea' id='block_1_7' title="bbox 481 2649 2455 2788">
    <p class='ocr_par' dir='ltr' id='par_1_8' title="bbox 481 2649 2455 2788">
     <span class='ocr_line' id='line_1_19' title="bbox 481 2649 2455 2788; baseline -0.002 -20"><span class='ocrx_word' id='word_1_188' title='bbox 481 2659 642 2772; x_wconf 78' lang='lat' dir='ltr'><strong>Andreas</strong></span> <span class='ocrx_word' id='word_1_189' title='bbox 657 2661 827 2788; x_wconf 85' lang='lat' dir='ltr'><strong>quidam,</strong></span> <span class='ocrx_word' id='word_1_190' title='bbox 852 2685 1143 2775; x_wconf 85' lang='lat' dir='ltr'><strong>nationeltalus,</strong></span> <span class='ocrx_word' id='word_1_191' title='bbox 1169 2649 1208 2761; x_wconf 77' lang='lat' dir='ltr'><strong>ut</strong></span> <span class='ocrx_word' id='word_1_192' title='bbox 1230 2688 1266 2762; x_wconf 92' lang='lat' dir='ltr'><strong>in</strong></span> <span class='ocrx_word' id='word_1_193' title='bbox 1281 2649 1632 2786; x_wconf 18' lang='lat' dir='ltr'><strong>prooemio-legitur,</strong></span> <span class='ocrx_word' id='word_1_194' title='bbox 1665 2682 1781 2759; x_wconf 83' lang='lat' dir='ltr'><strong>officio</strong></span> <span class='ocrx_word' id='word_1_195' title='bbox 1792 2685 2010 2782; x_wconf 85' lang='lat' dir='ltr'><strong>Presbyter,</strong></span> <span class='ocrx_word' id='word_1_196' title='bbox 2032 2711 2112 2764; x_wconf 90' lang='lat' dir='ltr'><strong>com</strong></span> <span class='ocrx_word' id='word_1_197' title='bbox 2139 2688 2230 2768; x_wconf 84' lang='lat' dir='ltr'><strong>osuit</strong></span> <span class='ocrx_word' id='word_1_198' title='bbox 2336 2733 2348 2754; x_wconf 47' lang='grc' dir='ltr'>κ</span> <span class='ocrx_word' id='word_1_199' title='bbox 2444 2779 2455 2788; x_wconf 92' lang='lat'><strong><em>.</em></strong></span> 
     </span>
    </p>
   </div>
   <div class='ocr_carea' id='block_1_8' title="bbox 336 2712 2229 3182">
    <p class='ocr_par' dir='ltr' id='par_1_9' title="bbox 336 2712 2229 3182">
     <span class='ocr_line' id='line_1_20' title="bbox 373 2712 2229 2888; baseline -0.002 -20"><span class='ocrx_word' id='word_1_200' title='bbox 373 2793 448 2868; x_wconf 85' lang='lat' dir='ltr'><strong>noe</strong></span> <span class='ocrx_word' id='word_1_201' title='bbox 460 2812 552 2888; x_wconf 78' lang='lat' dir='ltr'><strong>opus</strong></span> <span class='ocrx_word' id='word_1_202' title='bbox 567 2844 577 2875; x_wconf 97' lang='lat'><strong>,</strong></span> <span class='ocrx_word' id='word_1_203' title='bbox 593 2790 630 2867; x_wconf 75' lang='grc' dir='ltr'><strong>δι</strong></span> <span class='ocrx_word' id='word_1_204' title='bbox 646 2790 691 2863; x_wconf 82' lang='lat' dir='ltr'><strong>ab</strong></span> <span class='ocrx_word' id='word_1_205' title='bbox 707 2809 889 2884; x_wconf 84' lang='lat' dir='ltr'><strong>anonymo</strong></span> <span class='ocrx_word' id='word_1_206' title='bbox 916 2788 952 2861; x_wconf 90' lang='lat' dir='ltr'><strong>in</strong></span> <span class='ocrx_word' id='word_1_207' title='bbox 968 2787 1129 2880; x_wconf 78' lang='lat' dir='ltr'><strong>linguam</strong></span> <span class='ocrx_word' id='word_1_208' title='bbox 1143 2787 1372 2862; x_wconf 72' lang='lat' dir='ltr'><strong>vernaculam</strong></span> <span class='ocrx_word' id='word_1_209' title='bbox 1386 2785 1601 2866; x_wconf 72' lang='lat' dir='ltr'><strong>uaoslatum</strong></span> <span class='ocrx_word' id='word_1_210' title='bbox 1620 2783 1681 2868; x_wconf 84' lang='lat' dir='ltr'><strong>est,</strong></span> <span class='ocrx_word' id='word_1_211' title='bbox 1697 2782 1873 2884; x_wconf 76' lang='lat' dir='ltr'><strong>Speculum</strong></span> <span class='ocrx_word' id='word_1_212' title='bbox 1893 2783 2056 2860; x_wconf 78' lang='lat' dir='ltr'><strong>humanae</strong></span> <span class='ocrx_word' id='word_1_213' title='bbox 2081 2712 2229 2870; x_wconf 41' lang='lat' dir='ltr'><strong>cirtio·</strong></span> 
     </span>
     <span class='ocr_line' id='line_1_21' title="bbox 378 2883 2226 2985; baseline 0 -21"><span class='ocrx_word' id='word_1_214' title='bbox 378 2891 459 2976; x_wconf 82' lang='lat' dir='ltr'><strong>nis,</strong></span> <span class='ocrx_word' id='word_1_215' title='bbox 484 2887 523 2966; x_wconf 77' lang='lat' dir='ltr'><strong>dr</strong></span> <span class='ocrx_word' id='word_1_216' title='bbox 537 2887 584 2962; x_wconf 89' lang='lat' dir='ltr'><strong>B.</strong></span> <span class='ocrx_word' id='word_1_217' title='bbox 603 2886 762 2985; x_wconf 72' lang='lat' dir='ltr'><strong>Wrginis</strong></span> <span class='ocrx_word' id='word_1_218' title='bbox 775 2885 913 2961; x_wconf 83' lang='lat' dir='ltr'><strong>Mariae</strong></span> <span class='ocrx_word' id='word_1_219' title='bbox 926 2886 1009 2960; x_wconf 91' lang='lat' dir='ltr'><strong>ideo</strong></span> <span class='ocrx_word' id='word_1_220' title='bbox 1021 2885 1202 2982; x_wconf 89' lang='lat' dir='ltr'><strong>adpellat,</strong></span> <span class='ocrx_word' id='word_1_221' title='bbox 1224 2885 1321 2984; x_wconf 88' lang='lat' dir='ltr'><strong>quod</strong></span> <span class='ocrx_word' id='word_1_222' title='bbox 1341 2909 1387 2959; x_wconf 79' lang='lat' dir='ltr'><strong>ex</strong></span> <span class='ocrx_word' id='word_1_223' title='bbox 1399 2885 1599 2984; x_wconf 73' lang='lat' dir='ltr'><strong>praecipuis</strong></span> <span class='ocrx_word' id='word_1_224' title='bbox 1617 2883 1714 2964; x_wconf 82' lang='lat' dir='ltr'><strong>vitae</strong></span> <span class='ocrx_word' id='word_1_225' title='bbox 1734 2883 1886 2973; x_wconf 87' lang='lat' dir='ltr'><strong>Christi,</strong></span> <span class='ocrx_word' id='word_1_226' title='bbox 1909 2885 1948 2964; x_wconf 76' lang='lat' dir='ltr'><strong>de</strong></span> <span class='ocrx_word' id='word_1_227' title='bbox 1972 2887 2017 2968; x_wconf 86' lang='grc' dir='ltr'><strong>Β.</strong></span> <span class='ocrx_word' id='word_1_228' title='bbox 2065 2888 2226 2966; x_wconf 65' lang='lat' dir='ltr'><strong>Mariae</strong></span> 
     </span>
     <span class='ocr_line' id='line_1_22' title="bbox 336 2982 2215 3064; baseline -0.007 1"><span class='ocrx_word' id='word_1_229' title='bbox 336 3009 344 3030; x_wconf 66' lang='grc'><strong>“</strong></span> <span class='ocrx_word' id='word_1_230' title='bbox 375 2987 647 3064; x_wconf 79' lang='lat' dir='ltr'><strong>circumstantiis</strong></span> <span class='ocrx_word' id='word_1_231' title='bbox 661 2987 875 3063; x_wconf 81' lang='lat' dir='ltr'><strong>docurnenta</strong></span> <span class='ocrx_word' id='word_1_232' title='bbox 888 2985 1037 3061; x_wconf 88' lang='lat' dir='ltr'><strong>moralia</strong></span> <span class='ocrx_word' id='word_1_233' title='bbox 1049 2982 1220 3060; x_wconf 82' lang='lat' dir='ltr'><strong>haulillet</strong></span> <span class='ocrx_word' id='word_1_234' title='bbox 2209 3001 2215 3038; x_wconf 71' lang='lat'><em>³</em></span> 
     </span>
     <span class='ocr_line' id='line_1_23' title="bbox 470 3078 2224 3182; baseline -0.006 -21"><span class='ocrx_word' id='word_1_235' title='bbox 470 3086 617 3161; x_wconf 87' lang='lat' dir='ltr'><strong>Constat</strong></span> <span class='ocrx_word' id='word_1_236' title='bbox 626 3084 720 3160; x_wconf 91' lang='lat' dir='ltr'><strong>foliis</strong></span> <span class='ocrx_word' id='word_1_237' title='bbox 738 3079 832 3178; x_wconf 85' lang='lat'><strong>26&#39;9,</strong></span> <span class='ocrx_word' id='word_1_238' title='bbox 858 3082 1063 3182; x_wconf 83' lang='lat' dir='ltr'><strong>imprelium</strong></span> <span class='ocrx_word' id='word_1_239' title='bbox 1076 3082 1125 3156; x_wconf 86' lang='lat' dir='ltr'><strong>est</strong></span> <span class='ocrx_word' id='word_1_240' title='bbox 1138 3082 1340 3160; x_wconf 77' lang='lat' dir='ltr'><strong>clraraiierc</strong></span> <span class='ocrx_word' id='word_1_241' title='bbox 1347 3081 1497 3178; x_wconf 86' lang='lat' dir='ltr'><strong>gothico</strong></span> <span class='ocrx_word' id='word_1_242' title='bbox 1511 3082 1725 3169; x_wconf 86' lang='lat' dir='ltr'><strong>maiusculo,</strong></span> <span class='ocrx_word' id='word_1_243' title='bbox 1750 3106 1793 3160; x_wconf 86' lang='lat' dir='ltr'><strong>ao</strong></span> <span class='ocrx_word' id='word_1_244' title='bbox 1819 3078 1942 3177; x_wconf 83' lang='lat' dir='ltr'><strong>pingui</strong></span> <span class='ocrx_word' id='word_1_245' title='bbox 1955 3083 2150 3163; x_wconf 87' lang='lat' dir='ltr'><strong>admodum</strong></span> <span class='ocrx_word' id='word_1_246' title='bbox 2168 3099 2224 3166; x_wconf 82' lang='lat' dir='ltr'><strong>ta.</strong></span> 
     </span>
    </p>
   </div>
   <div class='ocr_carea' id='block_1_9' title="bbox 370 3155 2428 3292">
    <p class='ocr_par' dir='ltr' id='par_1_10' title="bbox 370 3155 2428 3292">
     <span class='ocr_line' id='line_1_24' title="bbox 370 3155 2428 3292; baseline -0.007 -31"><span class='ocrx_word' id='word_1_247' title='bbox 370 3185 456 3261; x_wconf 83' lang='lat' dir='ltr'><strong>bula</strong></span> <span class='ocrx_word' id='word_1_248' title='bbox 470 3183 515 3266; x_wconf 80' lang='lat' dir='ltr'><strong>ll.</strong></span> <span class='ocrx_word' id='word_1_249' title='bbox 536 3184 631 3262; x_wconf 86' lang='lat' dir='ltr'><strong>N.V</strong></span> <span class='ocrx_word' id='word_1_250' title='bbox 656 3185 836 3269; x_wconf 85' lang='lat' dir='ltr'><strong>exhibito,</strong></span> <span class='ocrx_word' id='word_1_251' title='bbox 862 3206 934 3278; x_wconf 90' lang='lat' dir='ltr'><strong>quo</strong></span> <span class='ocrx_word' id='word_1_252' title='bbox 951 3180 1146 3256; x_wconf 80' lang='lat' dir='ltr'><strong>Guntlreear</strong></span> <span class='ocrx_word' id='word_1_253' title='bbox 1160 3201 1314 3256; x_wconf 80' lang='lat' dir='ltr'><strong>zniueu</strong></span> <span class='ocrx_word' id='word_1_254' title='bbox 1332 3183 1379 3255; x_wconf 90' lang='lat' dir='ltr'><strong>ad</strong></span> <span class='ocrx_word' id='word_1_255' title='bbox 1393 3180 1566 3280; x_wconf 81' lang='lat' dir='ltr'><strong>Speculum</strong></span> <span class='ocrx_word' id='word_1_256' title='bbox 1581 3181 1843 3256; x_wconf 74' lang='lat' dir='ltr'><strong>vitaehumanae</strong></span> <span class='ocrx_word' id='word_1_257' title='bbox 1869 3203 1965 3257; x_wconf 87' lang='lat' dir='ltr'><strong>anno</strong></span> <span class='ocrx_word' id='word_1_258' title='bbox 1994 3207 2083 3281; x_wconf 78' lang='lat'><strong>¹471</strong></span> <span class='ocrx_word' id='word_1_259' title='bbox 2112 3211 2224 3266; x_wconf 85' lang='lat' dir='ltr'><strong>excu.</strong></span> <span class='ocrx_word' id='word_1_260' title='bbox 2327 3279 2342 3292; x_wconf 83' lang='lat'>.</span> <span class='ocrx_word' id='word_1_261' title='bbox 2422 3155 2428 3162; x_wconf 44' lang='lat'>⁵</span> 
     </span>
    </p>
   </div>
   <div class='ocr_carea' id='block_1_10' title="bbox 341 3280 2222 3573">
    <p class='ocr_par' dir='ltr' id='par_1_11' title="bbox 341 3280 2222 3573">
     <span class='ocr_line' id='line_1_25' title="bbox 372 3280 2222 3378; baseline 0.002 -19"><span class='ocrx_word' id='word_1_262' title='bbox 372 3281 622 3359; x_wconf 81' lang='lat' dir='ltr'><strong>dendumvius</strong></span> <span class='ocrx_word' id='word_1_263' title='bbox 635 3283 762 3358; x_wconf 78' lang='lat' dir='ltr'><strong>fuerat</strong></span> <span class='ocrx_word' id='word_1_264' title='bbox 799 3281 954 3355; x_wconf 69' lang='lat' dir='ltr'><strong>tineas</strong></span> <span class='ocrx_word' id='word_1_265' title='bbox 964 3280 1119 3354; x_wconf 87' lang='lat' dir='ltr'><strong>initiales</strong></span> <span class='ocrx_word' id='word_1_266' title='bbox 1133 3281 1285 3353; x_wconf 70' lang='lat' dir='ltr'><strong>rnaioms</strong></span> <span class='ocrx_word' id='word_1_267' title='bbox 1295 3281 1426 3374; x_wconf 86' lang='lat' dir='ltr'><strong>partim</strong></span> <span class='ocrx_word' id='word_1_268' title='bbox 1442 3282 1556 3355; x_wconf 84' lang='lat' dir='ltr'><strong>omitit</strong></span> <span class='ocrx_word' id='word_1_269' title='bbox 1570 3281 1837 3378; x_wconf 80' lang='lat' dir='ltr'><strong>typographus,</strong></span> <span class='ocrx_word' id='word_1_270' title='bbox 1865 3283 2108 3378; x_wconf 78' lang='lat' dir='ltr'><strong>partienligno</strong></span> <span class='ocrx_word' id='word_1_271' title='bbox 2132 3287 2222 3364; x_wconf 84' lang='lat' dir='ltr'><strong>ioci·</strong></span> 
     </span>
     <span class='ocr_line' id='line_1_26' title="bbox 371 3377 2109 3474; baseline -0.002 -20"><span class='ocrx_word' id='word_1_272' title='bbox 371 3379 427 3462; x_wconf 81' lang='lat' dir='ltr'><strong>las</strong></span> <span class='ocrx_word' id='word_1_273' title='bbox 445 3380 587 3458; x_wconf 88' lang='lat' dir='ltr'><strong>adiecit.</strong></span> <span class='ocrx_word' id='word_1_274' title='bbox 638 3381 875 3474; x_wconf 65' lang='lat' dir='ltr'><strong>signatura,</strong></span> <span class='ocrx_word' id='word_1_275' title='bbox 898 3377 1082 3462; x_wconf 89' lang='lat' dir='ltr'><strong>custodes,</strong></span> <span class='ocrx_word' id='word_1_276' title='bbox 1112 3378 1373 3474; x_wconf 83' lang='lat' dir='ltr'><strong>&amp;paginarum</strong></span> <span class='ocrx_word' id='word_1_277' title='bbox 1391 3379 1529 3458; x_wconf 88' lang='lat' dir='ltr'><strong>numeri</strong></span> <span class='ocrx_word' id='word_1_278' title='bbox 1543 3379 1795 3463; x_wconf 78' lang='lat' dir='ltr'><strong>desiderantur.</strong></span> <span class='ocrx_word' id='word_1_279' title='bbox 2106 3419 2109 3424; x_wconf 92' lang='lat'><em>-</em></span> 
     </span>
     <span class='ocr_line' id='line_1_27' title="bbox 341 3476 2218 3573; baseline 0.005 -20"><span class='ocrx_word' id='word_1_280' title='bbox 341 3511 343 3516; x_wconf 95' lang='lat'>·</span> <span class='ocrx_word' id='word_1_281' title='bbox 475 3477 757 3553; x_wconf 77' lang='lat' dir='ltr'><strong>praemittuntur</strong></span> <span class='ocrx_word' id='word_1_282' title='bbox 777 3477 1278 3573; x_wconf 83' lang='lat' dir='ltr'><strong>huicoperi&#39;duo&#39;prooemia,</strong></span> <span class='ocrx_word' id='word_1_283' title='bbox 1307 3477 1452 3573; x_wconf 83' lang='lat' dir='ltr'><strong>duoque</strong></span> <span class='ocrx_word' id='word_1_284' title='bbox 1464 3478 1620 3563; x_wconf 88' lang='lat' dir='ltr'><strong>indices,</strong></span> <span class='ocrx_word' id='word_1_285' title='bbox 1647 3476 1726 3551; x_wconf 81' lang='lat' dir='ltr'><strong>oiio</strong></span> <span class='ocrx_word' id='word_1_286' title='bbox 1738 3477 1830 3552; x_wconf 87' lang='lat' dir='ltr'><strong>foliis</strong></span> <span class='ocrx_word' id='word_1_287' title='bbox 1844 3478 2015 3556; x_wconf 87' lang='lat' dir='ltr'><strong>contenti.</strong></span> <span class='ocrx_word' id='word_1_288' title='bbox 2047 3479 2218 3564; x_wconf 69' lang='lat' dir='ltr'><strong>intrante</strong></span> 
     </span>
    </p>
   </div>
   <div class='ocr_carea' id='block_1_11' title="bbox 370 3574 2444 3682">
    <p class='ocr_par' dir='ltr' id='par_1_12' title="bbox 370 3574 2444 3682">
     <span class='ocr_line' id='line_1_28' title="bbox 370 3574 2444 3682; baseline 0.002 -29"><span class='ocrx_word' id='word_1_289' title='bbox 370 3578 523 3674; x_wconf 86' lang='lat' dir='ltr'><strong>legitur:</strong></span> <span class='ocrx_word' id='word_1_290' title='bbox 548 3575 846 3676; x_wconf 81' lang='lat' dir='ltr'><strong>Incipitpieminm</strong></span> <span class='ocrx_word' id='word_1_291' title='bbox 860 3574 943 3650; x_wconf 83' lang='lat' dir='ltr'><strong>libri</strong></span> <span class='ocrx_word' id='word_1_292' title='bbox 956 3575 1130 3674; x_wconf 79' lang='lat' dir='ltr'><strong>sequentis.</strong></span> <span class='ocrx_word' id='word_1_293' title='bbox 1168 3575 1286 3651; x_wconf 85' lang='lat' dir='ltr'><strong>Prima</strong></span> <span class='ocrx_word' id='word_1_294' title='bbox 1299 3575 1372 3650; x_wconf 85' lang='lat' dir='ltr'><strong>lolii</strong></span> <span class='ocrx_word' id='word_1_295' title='bbox 1385 3578 1471 3651; x_wconf 91' lang='lat' dir='ltr'><strong>noni</strong></span> <span class='ocrx_word' id='word_1_296' title='bbox 1482 3577 1613 3676; x_wconf 80' lang='lat' dir='ltr'><strong>pagina</strong></span> <span class='ocrx_word' id='word_1_297' title='bbox 1626 3599 1739 3654; x_wconf 86' lang='lat' dir='ltr'><strong>vacua</strong></span> <span class='ocrx_word' id='word_1_298' title='bbox 1751 3577 1823 3665; x_wconf 84' lang='lat' dir='ltr'><strong>eli,</strong></span> <span class='ocrx_word' id='word_1_299' title='bbox 1837 3576 1959 3652; x_wconf 85' lang='lat' dir='ltr'><strong>auersa</strong></span> <span class='ocrx_word' id='word_1_300' title='bbox 1972 3599 2059 3654; x_wconf 81' lang='lat' dir='ltr'><strong>vero</strong></span> <span class='ocrx_word' id='word_1_301' title='bbox 2070 3578 2218 3682; x_wconf 82' lang='lat' dir='ltr'><strong>sequen·</strong></span> <span class='ocrx_word' id='word_1_302' title='bbox 2379 3593 2393 3602; x_wconf 84' lang='lat'>&#39;</span> <span class='ocrx_word' id='word_1_303' title='bbox 2440 3579 2444 3586; x_wconf 82' lang='lat'>&#39;</span> 
     </span>
    </p>
   </div>
   <div class='ocr_carea' id='block_1_12' title="bbox 279 3677 2215 4271">
    <p class='ocr_par' dir='ltr' id='par_1_13' title="bbox 279 3677 1760 3971">
     <span class='ocr_line' id='line_1_29' title="bbox 368 3677 636 3754; baseline -0.015 0"><span class='ocrx_word' id='word_1_304' title='bbox 368 3677 421 3754; x_wconf 85' lang='lat' dir='ltr'><strong>tia</strong></span> <span class='ocrx_word' id='word_1_305' title='bbox 436 3678 636 3754; x_wconf 84' lang='lat' dir='ltr'><strong>habentur:</strong></span> 
     </span>
     <span class='ocr_line' id='line_1_30' title="bbox 279 3763 1760 3873; baseline 0.004 -27"><span class='ocrx_word' id='word_1_306' title='bbox 279 3767 286 3776; x_wconf 72' lang='grc'><strong>“</strong></span> <span class='ocrx_word' id='word_1_307' title='bbox 372 3799 375 3806; x_wconf 79' lang='grc'><strong>’</strong></span> <span class='ocrx_word' id='word_1_308' title='bbox 484 3829 486 3834; x_wconf 73' lang='lat'><em>.</em></span> <span class='ocrx_word' id='word_1_309' title='bbox 552 3763 566 3800; x_wconf 56' lang='lat'><strong>⁸</strong></span> <span class='ocrx_word' id='word_1_310' title='bbox 838 3772 981 3872; x_wconf 74' lang='lat' dir='ltr'><strong>ercifer</strong></span> <span class='ocrx_word' id='word_1_311' title='bbox 1009 3772 1169 3861; x_wconf 71' lang='lat' dir='ltr'><strong>Maiestas</strong></span> <span class='ocrx_word' id='word_1_312' title='bbox 1193 3768 1313 3870; x_wconf 73' lang='lat' dir='ltr'><strong>Genese</strong></span> <span class='ocrx_word' id='word_1_313' title='bbox 1335 3775 1446 3869; x_wconf 75' lang='lat' dir='ltr'><strong>primo</strong></span> <span class='ocrx_word' id='word_1_314' title='bbox 1472 3772 1513 3849; x_wconf 74' lang='lat' dir='ltr'><strong>il’</strong></span> <span class='ocrx_word' id='word_1_315' title='bbox 1539 3773 1627 3873; x_wconf 76' lang='lat' dir='ltr'><strong>psaie</strong></span> <span class='ocrx_word' id='word_1_316' title='bbox 1651 3799 1700 3850; x_wconf 85' lang='lat' dir='ltr'><strong>cn.</strong></span> <span class='ocrx_word' id='word_1_317' title='bbox 1727 3797 1760 3852; x_wconf 92' lang='lat' dir='ltr'><strong>c.</strong></span> 
     </span>
     <span class='ocr_line' id='line_1_31' title="bbox 629 3869 1632 3971; baseline 0.002 -26"><span class='ocrx_word' id='word_1_318' title='bbox 629 3919 632 3924; x_wconf 94' lang='lat'>-</span> <span class='ocrx_word' id='word_1_319' title='bbox 838 3872 913 3946; x_wconf 78' lang='lat' dir='ltr'><strong>Der·</strong></span> <span class='ocrx_word' id='word_1_320' title='bbox 930 3875 991 3968; x_wconf 81' lang='lat' dir='ltr'><strong>fai</strong></span> <span class='ocrx_word' id='word_1_321' title='bbox 1015 3869 1174 3967; x_wconf 72' lang='lat' dir='ltr'><strong>Lucifera</strong></span> <span class='ocrx_word' id='word_1_322' title='bbox 1201 3875 1261 3945; x_wconf 89' lang='lat' dir='ltr'><strong>mit</strong></span> <span class='ocrx_word' id='word_1_323' title='bbox 1274 3869 1387 3968; x_wconf 75' lang='lat' dir='ltr'><strong>[einer</strong></span> <span class='ocrx_word' id='word_1_324' title='bbox 1402 3870 1632 3971; x_wconf 65' lang='lat' dir='ltr'><strong>pelilliciafft.</strong></span> 
     </span>
    </p>

    <p class='ocr_par' dir='ltr' id='par_1_14' title="bbox 283 3969 2215 4271">
     <span class='ocr_line' id='line_1_32' title="bbox 464 3969 2215 4074; baseline 0.005 -27"><span class='ocrx_word' id='word_1_325' title='bbox 464 3970 594 4047; x_wconf 85' lang='lat' dir='ltr'><strong>Verbis</strong></span> <span class='ocrx_word' id='word_1_326' title='bbox 605 3970 704 4046; x_wconf 77' lang='lat' dir='ltr'><strong>hisce</strong></span> <span class='ocrx_word' id='word_1_327' title='bbox 718 3969 868 4074; x_wconf 67' lang='lat' dir='ltr'><strong>subiecia</strong></span> <span class='ocrx_word' id='word_1_328' title='bbox 881 3971 929 4046; x_wconf 89' lang='lat' dir='ltr'><strong>est</strong></span> <span class='ocrx_word' id='word_1_329' title='bbox 944 3970 1167 4068; x_wconf 84' lang='lat' dir='ltr'><strong>figuraligno</strong></span> <span class='ocrx_word' id='word_1_330' title='bbox 1181 3971 1286 4050; x_wconf 85' lang='lat' dir='ltr'><strong>incisa</strong></span> <span class='ocrx_word' id='word_1_331' title='bbox 1300 3972 1455 4046; x_wconf 86' lang='lat' dir='ltr'><strong>Luciferi</strong></span> <span class='ocrx_word' id='word_1_332' title='bbox 1479 3974 1601 4048; x_wconf 81' lang='lat' dir='ltr'><strong>calum</strong></span> <span class='ocrx_word' id='word_1_333' title='bbox 1615 3974 1806 4050; x_wconf 80' lang='lat' dir='ltr'><strong>exhibens..</strong></span> <span class='ocrx_word' id='word_1_334' title='bbox 1844 3976 1936 4052; x_wconf 83' lang='lat' dir='ltr'><strong>Dein</strong></span> <span class='ocrx_word' id='word_1_335' title='bbox 1962 3973 2116 4073; x_wconf 70' lang='lat' dir='ltr'><strong>sequiori</strong></span> <span class='ocrx_word' id='word_1_336' title='bbox 2135 3979 2215 4056; x_wconf 81' lang='lat' dir='ltr'><strong>Pri·</strong></span> 
     </span>
     <span class='ocr_line' id='line_1_33' title="bbox 366 4063 2215 4174; baseline 0.006 -30"><span class='ocrx_word' id='word_1_337' title='bbox 366 4091 458 4144; x_wconf 84' lang='lat' dir='ltr'><strong>ennm</strong></span> <span class='ocrx_word' id='word_1_338' title='bbox 475 4063 626 4165; x_wconf 76' lang='lat' dir='ltr'><strong>Grpl&#39;m.</strong></span> <span class='ocrx_word' id='word_1_339' title='bbox 655 4067 848 4163; x_wconf 83' lang='lat' dir='ltr'><strong>&amp;quidem</strong></span> <span class='ocrx_word' id='word_1_340' title='bbox 860 4069 898 4144; x_wconf 91' lang='lat' dir='ltr'><strong>in</strong></span> <span class='ocrx_word' id='word_1_341' title='bbox 912 4069 1033 4164; x_wconf 68' lang='lat' dir='ltr'><strong>lingum</strong></span> <span class='ocrx_word' id='word_1_342' title='bbox 1056 4070 1186 4150; x_wconf 91' lang='lat' dir='ltr'><strong>latina,</strong></span> <span class='ocrx_word' id='word_1_343' title='bbox 1214 4067 1397 4145; x_wconf 85' lang='lat' dir='ltr'><strong>cuiverfio</strong></span> <span class='ocrx_word' id='word_1_344' title='bbox 1410 4069 1571 4144; x_wconf 84' lang='lat' dir='ltr'><strong>eiusdem</strong></span> <span class='ocrx_word' id='word_1_345' title='bbox 1584 4075 1790 4172; x_wconf 78' lang='lat' dir='ltr'><strong>germanica</strong></span> <span class='ocrx_word' id='word_1_346' title='bbox 1810 4071 2032 4149; x_wconf 81' lang='lat' dir='ltr'><strong>subneilitcr.</strong></span> <span class='ocrx_word' id='word_1_347' title='bbox 2068 4077 2130 4151; x_wconf 89' lang='lat' dir='ltr'><strong>Sic</strong></span> <span class='ocrx_word' id='word_1_348' title='bbox 2153 4101 2215 4174; x_wconf 89' lang='lat' dir='ltr'><strong>per</strong></span> 
     </span>
     <span class='ocr_line' id='line_1_34' title="bbox 283 4167 2214 4271; baseline 0.005 -30"><span class='ocrx_word' id='word_1_349' title='bbox 283 4232 287 4241; x_wconf 94' lang='lat'><em>.</em></span> <span class='ocrx_word' id='word_1_350' title='bbox 366 4179 484 4244; x_wconf 91' lang='lat' dir='ltr'><strong>totum</strong></span> <span class='ocrx_word' id='word_1_351' title='bbox 497 4189 589 4264; x_wconf 92' lang='lat' dir='ltr'><strong>opus</strong></span> <span class='ocrx_word' id='word_1_352' title='bbox 600 4180 741 4241; x_wconf 89' lang='lat' dir='ltr'><strong>textum</strong></span> <span class='ocrx_word' id='word_1_353' title='bbox 757 4167 907 4242; x_wconf 90' lang='lat' dir='ltr'><strong>latinum</strong></span> <span class='ocrx_word' id='word_1_354' title='bbox 923 4169 1055 4264; x_wconf 90' lang='lat' dir='ltr'><strong>excipit</strong></span> <span class='ocrx_word' id='word_1_355' title='bbox 1069 4167 1230 4242; x_wconf 89' lang='lat' dir='ltr'><strong>eiusdem</strong></span> <span class='ocrx_word' id='word_1_356' title='bbox 1249 4167 1374 4243; x_wconf 78' lang='lat' dir='ltr'><strong>versio.</strong></span> <span class='ocrx_word' id='word_1_357' title='bbox 1407 4171 1598 4254; x_wconf 86' lang='lat' dir='ltr'><strong>Quodlibet</strong></span> <span class='ocrx_word' id='word_1_358' title='bbox 1613 4194 1755 4265; x_wconf 87' lang='lat' dir='ltr'><strong>quoque</strong></span> <span class='ocrx_word' id='word_1_359' title='bbox 1772 4174 1966 4268; x_wconf 89' lang='lat' dir='ltr'><strong>capitulum</strong></span> <span class='ocrx_word' id='word_1_360' title='bbox 1979 4174 2105 4268; x_wconf 82' lang='lat' dir='ltr'><strong>liguris</strong></span> <span class='ocrx_word' id='word_1_361' title='bbox 2118 4177 2214 4271; x_wconf 85' lang='lat' dir='ltr'><strong>ligno</strong></span> 
     </span>
    </p>
   </div>
   <div class='ocr_carea' id='block_1_13' title="bbox 365 4265 2344 4368">
    <p class='ocr_par' dir='ltr' id='par_1_15' title="bbox 365 4265 2344 4368">
     <span class='ocr_line' id='line_1_35' title="bbox 365 4265 2344 4368; baseline 0.002 -26"><span class='ocrx_word' id='word_1_362' title='bbox 365 4265 509 4352; x_wconf 79' lang='lat' dir='ltr'><strong>incisis,</strong></span> <span class='ocrx_word' id='word_1_363' title='bbox 538 4265 634 4344; x_wconf 85' lang='lat' dir='ltr'><strong>&amp;ex</strong></span> <span class='ocrx_word' id='word_1_364' title='bbox 646 4266 780 4350; x_wconf 87' lang='lat' dir='ltr'><strong>veteri,</strong></span> <span class='ocrx_word' id='word_1_365' title='bbox 808 4289 975 4363; x_wconf 90' lang='lat' dir='ltr'><strong>nouoque</strong></span> <span class='ocrx_word' id='word_1_366' title='bbox 989 4267 1200 4341; x_wconf 87' lang='lat' dir='ltr'><strong>testamento</strong></span> <span class='ocrx_word' id='word_1_367' title='bbox 1221 4320 1230 4351; x_wconf 95' lang='lat'><strong>,</strong></span> <span class='ocrx_word' id='word_1_368' title='bbox 1255 4279 1364 4363; x_wconf 89' lang='lat' dir='ltr'><strong>atque</strong></span> <span class='ocrx_word' id='word_1_369' title='bbox 1378 4267 1594 4368; x_wconf 82' lang='lat' dir='ltr'><strong>Syoiltarum</strong></span> <span class='ocrx_word' id='word_1_370' title='bbox 1621 4271 1719 4344; x_wconf 88' lang='lat' dir='ltr'><strong>libris</strong></span> <span class='ocrx_word' id='word_1_371' title='bbox 1736 4268 1930 4368; x_wconf 80' lang='lat' dir='ltr'><strong>adsumptis</strong></span> <span class='ocrx_word' id='word_1_372' title='bbox 1946 4272 2115 4352; x_wconf 83' lang='lat' dir='ltr'><strong>illustrare</strong></span> <span class='ocrx_word' id='word_1_373' title='bbox 2139 4276 2213 4348; x_wconf 86' lang='lat' dir='ltr'><strong>edi·</strong></span> <span class='ocrx_word' id='word_1_374' title='bbox 2337 4281 2344 4292; x_wconf 83' lang='lat'>&#39;</span> 
     </span>
    </p>
   </div>
   <div class='ocr_carea' id='block_1_14' title="bbox 365 4358 2329 4468">
    <p class='ocr_par' dir='ltr' id='par_1_16' title="bbox 365 4358 2329 4468">
     <span class='ocr_line' id='line_1_36' title="bbox 365 4358 2329 4468; baseline 0.006 -29"><span class='ocrx_word' id='word_1_375' title='bbox 365 4363 577 4441; x_wconf 87' lang='lat' dir='ltr'><strong>torstuduit.</strong></span> <span class='ocrx_word' id='word_1_376' title='bbox 616 4361 753 4440; x_wconf 85' lang='lat' dir='ltr'><strong>Aueria</strong></span> <span class='ocrx_word' id='word_1_377' title='bbox 772 4362 846 4438; x_wconf 85' lang='lat' dir='ltr'><strong>folii</strong></span> <span class='ocrx_word' id='word_1_378' title='bbox 862 4383 935 4459; x_wconf 77' lang='lat'><strong>230</strong></span> <span class='ocrx_word' id='word_1_379' title='bbox 962 4366 1091 4462; x_wconf 82' lang='lat' dir='ltr'><strong>pagina</strong></span> <span class='ocrx_word' id='word_1_380' title='bbox 1108 4362 1237 4461; x_wconf 82' lang='lat' dir='ltr'><strong>Septem</strong></span> <span class='ocrx_word' id='word_1_381' title='bbox 1263 4364 1340 4438; x_wconf 84' lang='lat' dir='ltr'><strong>iore</strong></span> <span class='ocrx_word' id='word_1_382' title='bbox 1355 4363 1394 4438; x_wconf 85' lang='lat' dir='ltr'><strong>eie</strong></span> <span class='ocrx_word' id='word_1_383' title='bbox 1404 4366 1548 4466; x_wconf 78' lang='lat' dir='ltr'><strong>pafflone</strong></span> <span class='ocrx_word' id='word_1_384' title='bbox 1572 4369 1635 4464; x_wconf 81' lang='lat' dir='ltr'><strong>xpi</strong></span> <span class='ocrx_word' id='word_1_385' title='bbox 1654 4368 1826 4443; x_wconf 77' lang='lat' dir='ltr'><strong>intimant</strong></span> <span class='ocrx_word' id='word_1_386' title='bbox 1851 4423 1861 4454; x_wconf 91' lang='lat'><strong>,</strong></span> <span class='ocrx_word' id='word_1_387' title='bbox 1886 4391 1977 4468; x_wconf 88' lang='lat' dir='ltr'><strong>quas</strong></span> <span class='ocrx_word' id='word_1_388' title='bbox 2003 4358 2124 4446; x_wconf 85' lang='lat' dir='ltr'><strong>aue&#39;rsa</strong></span> <span class='ocrx_word' id='word_1_389' title='bbox 2139 4373 2214 4450; x_wconf 89' lang='lat' dir='ltr'><strong>folii</strong></span> <span class='ocrx_word' id='word_1_390' title='bbox 2324 4425 2329 4432; x_wconf 87' lang='lat'>·</span> 
     </span>
    </p>
   </div>
   <div class='ocr_carea' id='block_1_15' title="bbox 368 4461 2371 4569">
    <p class='ocr_par' dir='ltr' id='par_1_17' title="bbox 368 4461 2371 4569">
     <span class='ocr_line' id='line_1_37' title="bbox 368 4461 2371 4569; baseline 0.006 -34"><span class='ocrx_word' id='word_1_391' title='bbox 368 4467 442 4553; x_wconf 67' lang='lat' dir='ltr'><strong>&#39;ano</strong></span> <span class='ocrx_word' id='word_1_392' title='bbox 463 4465 593 4558; x_wconf 80' lang='lat' dir='ltr'><strong>pagina</strong></span> <span class='ocrx_word' id='word_1_393' title='bbox 604 4461 732 4562; x_wconf 80' lang='lat' dir='ltr'><strong>septem</strong></span> <span class='ocrx_word' id='word_1_394' title='bbox 745 4465 897 4557; x_wconf 73' lang='lat' dir='ltr'><strong>tristitiae</strong></span> <span class='ocrx_word' id='word_1_395' title='bbox 911 4464 953 4537; x_wconf 88' lang='lat' dir='ltr'><strong>B.</strong></span> <span class='ocrx_word' id='word_1_396' title='bbox 978 4465 1024 4538; x_wconf 90' lang='lat' dir='ltr'><strong>V.</strong></span> <span class='ocrx_word' id='word_1_397' title='bbox 1038 4463 1198 4547; x_wconf 62' lang='lat' dir='ltr'><strong>illaria,</strong></span> <span class='ocrx_word' id='word_1_398' title='bbox 1227 4461 1308 4538; x_wconf 82' lang='lat' dir='ltr'><strong>illas</strong></span> <span class='ocrx_word' id='word_1_399' title='bbox 1323 4464 1509 4538; x_wconf 89' lang='lat' dir='ltr'><strong>verofolio</strong></span> <span class='ocrx_word' id='word_1_400' title='bbox 1530 4489 1575 4558; x_wconf 73' lang='grc' dir='ltr'><strong>ας</strong></span> <span class='ocrx_word' id='word_1_401' title='bbox 1591 4463 1718 4565; x_wconf 83' lang='lat' dir='ltr'><strong>septem</strong></span> <span class='ocrx_word' id='word_1_402' title='bbox 1744 4461 1886 4542; x_wconf 75' lang='lat' dir='ltr'><strong>eiusdem</strong></span> <span class='ocrx_word' id='word_1_403' title='bbox 1909 4469 2038 4567; x_wconf 80' lang='lat' dir='ltr'><strong>gandia</strong></span> <span class='ocrx_word' id='word_1_404' title='bbox 2062 4467 2213 4569; x_wconf 83' lang='lat' dir='ltr'><strong>lequun·</strong></span> <span class='ocrx_word' id='word_1_405' title='bbox 2365 4485 2371 4494; x_wconf 89' lang='grc'><em>“</em></span> 
     </span>
    </p>
   </div>
   <div class='ocr_carea' id='block_1_16' title="bbox 363 4560 2213 4968">
    <p class='ocr_par' dir='ltr' id='par_1_18' title="bbox 363 4560 2213 4968">
     <span class='ocr_line' id='line_1_38' title="bbox 370 4560 2213 4666; baseline 0.008 -34"><span class='ocrx_word' id='word_1_406' title='bbox 370 4570 440 4633; x_wconf 85' lang='lat' dir='ltr'><strong>tur.</strong></span> <span class='ocrx_word' id='word_1_407' title='bbox 488 4560 640 4656; x_wconf 88' lang='lat' dir='ltr'><strong>Speculo</strong></span> <span class='ocrx_word' id='word_1_408' title='bbox 653 4562 729 4638; x_wconf 87' lang='lat' dir='ltr'><strong>lolii</strong></span> <span class='ocrx_word' id='word_1_409' title='bbox 741 4565 814 4650; x_wconf 89' lang='lat'><strong>26,</strong></span> <span class='ocrx_word' id='word_1_410' title='bbox 836 4561 956 4636; x_wconf 83' lang='lat' dir='ltr'><strong>auerl&#39;a</strong></span> <span class='ocrx_word' id='word_1_411' title='bbox 972 4562 1100 4659; x_wconf 82' lang='lat' dir='ltr'><strong>pagina</strong></span> <span class='ocrx_word' id='word_1_412' title='bbox 1122 4561 1202 4634; x_wconf 85' lang='lat' dir='ltr'><strong>finis</strong></span> <span class='ocrx_word' id='word_1_413' title='bbox 1217 4562 1435 4657; x_wconf 85' lang='lat' dir='ltr'><strong>imponitur,</strong></span> <span class='ocrx_word' id='word_1_414' title='bbox 1464 4564 1523 4640; x_wconf 88' lang='lat' dir='ltr'><strong>cui</strong></span> <span class='ocrx_word' id='word_1_415' title='bbox 1536 4564 1641 4640; x_wconf 85' lang='lat' dir='ltr'><strong>Alius</strong></span> <span class='ocrx_word' id='word_1_416' title='bbox 1667 4563 1962 4666; x_wconf 73' lang='lat' dir='ltr'><strong>liirersaloariouir</strong></span> <span class='ocrx_word' id='word_1_417' title='bbox 1985 4567 2125 4646; x_wconf 82' lang='lat' dir='ltr'><strong>inenane</strong></span> <span class='ocrx_word' id='word_1_418' title='bbox 2147 4599 2213 4647; x_wconf 86' lang='lat' dir='ltr'><strong>me·</strong></span> 
     </span>
     <span class='ocr_line' id='line_1_39' title="bbox 367 4656 2210 4761; baseline 0.009 -31"><span class='ocrx_word' id='word_1_419' title='bbox 367 4657 609 4753; x_wconf 81' lang='lat' dir='ltr'><strong>tricaspeioeis</strong></span> <span class='ocrx_word' id='word_1_420' title='bbox 623 4656 703 4733; x_wconf 71' lang='lat' dir='ltr'><strong>titre·</strong></span> <span class='ocrx_word' id='word_1_421' title='bbox 714 4662 888 4736; x_wconf 76' lang='lat' dir='ltr'><strong>nuteriam</strong></span> <span class='ocrx_word' id='word_1_422' title='bbox 901 4662 1033 4735; x_wconf 68' lang='lat' dir='ltr'><strong>aldrice</strong></span> <span class='ocrx_word' id='word_1_423' title='bbox 1057 4684 1097 4733; x_wconf 88' lang='lat' dir='ltr'><strong>oc</strong></span> <span class='ocrx_word' id='word_1_424' title='bbox 1108 4659 1326 4761; x_wconf 81' lang='lat' dir='ltr'><strong>compendiose</strong></span> <span class='ocrx_word' id='word_1_425' title='bbox 1338 4661 1527 4748; x_wconf 68' lang='lat' dir='ltr'><strong>irenaeus,</strong></span> <span class='ocrx_word' id='word_1_426' title='bbox 1551 4662 1729 4741; x_wconf 87' lang='lat' dir='ltr'><strong>subnexus</strong></span> <span class='ocrx_word' id='word_1_427' title='bbox 1741 4667 1814 4754; x_wconf 89' lang='lat' dir='ltr'><strong>est,</strong></span> <span class='ocrx_word' id='word_1_428' title='bbox 1840 4661 2210 4748; x_wconf 75' lang='lat' dir='ltr'><strong>foliisoiloconllans</strong></span> 
     </span>
     <span class='ocr_line' id='line_1_40' title="bbox 363 4751 2209 4862; baseline 0.008 -32"><span class='ocrx_word' id='word_1_429' title='bbox 363 4751 569 4830; x_wconf 85' lang='lat' dir='ltr'><strong>Praenrittit</strong></span> <span class='ocrx_word' id='word_1_430' title='bbox 593 4757 713 4830; x_wconf 81' lang='lat' dir='ltr'><strong>auiior</strong></span> <span class='ocrx_word' id='word_1_431' title='bbox 726 4759 1005 4855; x_wconf 89' lang='lat' dir='ltr'><strong>praefationem,</strong></span> <span class='ocrx_word' id='word_1_432' title='bbox 1029 4760 1066 4834; x_wconf 90' lang='lat' dir='ltr'><strong>in</strong></span> <span class='ocrx_word' id='word_1_433' title='bbox 1093 4781 1162 4855; x_wconf 92' lang='lat' dir='ltr'><strong>qua</strong></span> <span class='ocrx_word' id='word_1_434' title='bbox 1189 4757 1371 4855; x_wconf 87' lang='lat' dir='ltr'><strong>sequentia</strong></span> <span class='ocrx_word' id='word_1_435' title='bbox 1383 4761 1514 4835; x_wconf 89' lang='lat' dir='ltr'><strong>habet:</strong></span> <span class='ocrx_word' id='word_1_436' title='bbox 1547 4762 1631 4840; x_wconf 79' lang='lat' dir='ltr'><strong>Com</strong></span> <span class='ocrx_word' id='word_1_437' title='bbox 1646 4767 1753 4862; x_wconf 80' lang='lat' dir='ltr'><strong>igitur·</strong></span> <span class='ocrx_word' id='word_1_438' title='bbox 1768 4763 1949 4861; x_wconf 71' lang='lat' dir='ltr'><strong>proliritas</strong></span> <span class='ocrx_word' id='word_1_439' title='bbox 1982 4805 2023 4820; x_wconf 82' lang='lat'>-</span> <span class='ocrx_word' id='word_1_440' title='bbox 2042 4766 2209 4845; x_wconf 78' lang='lat' dir='ltr'><strong>Antiatis</strong></span> 
     </span>
     <span class='ocr_line' id='line_1_41' title="bbox 364 4849 2209 4968; baseline 0.009 -40"><span class='ocrx_word' id='word_1_441' title='bbox 364 4849 598 4929; x_wconf 83' lang='lat' dir='ltr'><strong>Andreae-</strong></span> <span class='ocrx_word' id='word_1_442' title='bbox 623 4853 815 4952; x_wconf 83' lang='lat' dir='ltr'><strong>praesertim</strong></span> <span class='ocrx_word' id='word_1_443' title='bbox 828 4855 947 4956; x_wconf 82' lang='lat' dir='ltr'><strong>lepidis</strong></span> <span class='ocrx_word' id='word_1_444' title='bbox 959 4855 1132 4932; x_wconf 77' lang='lat' dir='ltr'><strong>latioribus</strong></span> <span class='ocrx_word' id='word_1_445' title='bbox 1144 4869 1248 4930; x_wconf 84' lang='lat' dir='ltr'><strong>mater</strong></span> <span class='ocrx_word' id='word_1_446' title='bbox 1268 4861 1312 4956; x_wconf 82' lang='lat' dir='ltr'><strong>fit</strong></span> <span class='ocrx_word' id='word_1_447' title='bbox 1327 4858 1475 4962; x_wconf 75' lang='lat' dir='ltr'><strong>fastidii,</strong></span> <span class='ocrx_word' id='word_1_448' title='bbox 1504 4883 1617 4936; x_wconf 85' lang='lat' dir='ltr'><strong>eornm</strong></span> <span class='ocrx_word' id='word_1_449' title='bbox 1634 4864 1794 4938; x_wconf 72' lang='lat' dir='ltr'><strong>tarditati</strong></span> <span class='ocrx_word' id='word_1_450' title='bbox 1808 4863 1973 4938; x_wconf 65' lang='lat' dir='ltr'><strong>conliniare</strong></span> <span class='ocrx_word' id='word_1_451' title='bbox 1996 4890 2209 4968; x_wconf 62' lang='lat' dir='ltr'><strong>proponens,</strong></span> 
     </span>
    </p>
   </div>
   <div class='ocr_carea' id='block_1_17' title="bbox 361 4935 2351 5067">
    <p class='ocr_par' dir='ltr' id='par_1_19' title="bbox 361 4935 2351 5067">
     <span class='ocr_line' id='line_1_42' title="bbox 361 4935 2351 5067; baseline 0.007 -43"><span class='ocrx_word' id='word_1_452' title='bbox 361 4952 554 5026; x_wconf 75' lang='lat' dir='ltr'><strong>auxiliante</strong></span> <span class='ocrx_word' id='word_1_453' title='bbox 571 4949 879 5030; x_wconf 84' lang='lat' dir='ltr'><strong>·Dominolranrane</strong></span> <span class='ocrx_word' id='word_1_454' title='bbox 891 4951 1096 5053; x_wconf 75' lang='lat' dir='ltr'><strong>firmationis</strong></span> <span class='ocrx_word' id='word_1_455' title='bbox 1123 4935 1352 5053; x_wconf 53' lang='lat' dir='ltr'><strong>tutoresne·</strong></span> <span class='ocrx_word' id='word_1_456' title='bbox 1373 4955 1421 5030; x_wconf 81' lang='lat' dir='ltr'><strong>oei</strong></span> <span class='ocrx_word' id='word_1_457' title='bbox 1444 4957 1575 5034; x_wconf 79' lang='lat' dir='ltr'><strong>laudern</strong></span> <span class='ocrx_word' id='word_1_458' title='bbox 1605 4959 1645 5038; x_wconf 68' lang='lat' dir='ltr'><strong>ii</strong></span> <span class='ocrx_word' id='word_1_459' title='bbox 1659 4963 1812 5037; x_wconf 83' lang='lat' dir='ltr'><strong>lionorem</strong></span> <span class='ocrx_word' id='word_1_460' title='bbox 1832 4945 2069 5038; x_wconf 72' lang='lat' dir='ltr'><strong>Pioximorrmr</strong></span> <span class='ocrx_word' id='word_1_461' title='bbox 2089 4972 2209 5067; x_wconf 77' lang='lat' dir='ltr'><strong>prese·</strong></span> <span class='ocrx_word' id='word_1_462' title='bbox 2274 5025 2293 5046; x_wconf 74' lang='grc'><strong>,.</strong></span> <span class='ocrx_word' id='word_1_463' title='bbox 2340 5049 2351 5062; x_wconf 27' lang='grc'>1</span> 
     </span>
    </p>
   </div>
   <div class='ocr_carea' id='block_1_18' title="bbox 283 5050 2208 5554">
    <p class='ocr_par' dir='ltr' id='par_1_20' title="bbox 283 5050 2206 5161">
     <span class='ocr_line' id='line_1_43' title="bbox 283 5050 2206 5161; baseline 0.01 -37"><span class='ocrx_word' id='word_1_464' title='bbox 283 5059 289 5074; x_wconf 74' lang='grc'><em>“</em></span> <span class='ocrx_word' id='word_1_465' title='bbox 361 5050 466 5136; x_wconf 65' lang='lat' dir='ltr'><strong>Hom,</strong></span> <span class='ocrx_word' id='word_1_466' title='bbox 492 5051 557 5125; x_wconf 87' lang='lat' dir='ltr'><strong>mei</strong></span> <span class='ocrx_word' id='word_1_467' title='bbox 566 5052 856 5139; x_wconf 79' lang='lat' dir='ltr'><strong>exercitationem,</strong></span> <span class='ocrx_word' id='word_1_468' title='bbox 875 5059 948 5154; x_wconf 85' lang='lat' dir='ltr'><strong>stne</strong></span> <span class='ocrx_word' id='word_1_469' title='bbox 965 5056 1134 5130; x_wconf 84' lang='lat' dir='ltr'><strong>exulantis</strong></span> <span class='ocrx_word' id='word_1_470' title='bbox 1147 5057 1323 5150; x_wconf 80' lang='lat' dir='ltr'><strong>aliqualem</strong></span> <span class='ocrx_word' id='word_1_471' title='bbox 1336 5054 1615 5153; x_wconf 81' lang='lat' dir='ltr'><strong>consolationem,</strong></span> <span class='ocrx_word' id='word_1_472' title='bbox 1641 5059 1721 5136; x_wconf 80' lang='lat' dir='ltr'><strong>diiii</strong></span> <span class='ocrx_word' id='word_1_473' title='bbox 1732 5057 1812 5134; x_wconf 76' lang='lat' dir='ltr'><strong>libri</strong></span> <span class='ocrx_word' id='word_1_474' title='bbox 1826 5065 1985 5136; x_wconf 83' lang='lat' dir='ltr'><strong>materias</strong></span> <span class='ocrx_word' id='word_1_475' title='bbox 1996 5061 2206 5161; x_wconf 78' lang='lat' dir='ltr'><strong>sententiali·</strong></span> 
     </span>
    </p>

    <p class='ocr_par' dir='ltr' id='par_1_21' title="bbox 359 5151 2208 5263">
     <span class='ocr_line' id='line_1_44' title="bbox 359 5151 2208 5263; baseline 0.012 -44"><span class='ocrx_word' id='word_1_476' title='bbox 359 5159 413 5221; x_wconf 84' lang='lat' dir='ltr'><strong>ter</strong></span> <span class='ocrx_word' id='word_1_477' title='bbox 429 5153 564 5225; x_wconf 73' lang='lat' dir='ltr'><strong>menica</strong></span> <span class='ocrx_word' id='word_1_478' title='bbox 576 5152 727 5249; x_wconf 79' lang='lat' dir='ltr'><strong>cogitaui</strong></span> <span class='ocrx_word' id='word_1_479' title='bbox 732 5156 949 5251; x_wconf 80' lang='lat' dir='ltr'><strong>perstringere</strong></span> <span class='ocrx_word' id='word_1_480' title='bbox 961 5151 1254 5256; x_wconf 79' lang='lat' dir='ltr'><strong>compendiosttote.</strong></span> <span class='ocrx_word' id='word_1_481' title='bbox 1306 5156 1383 5232; x_wconf 90' lang='lat' dir='ltr'><strong>Sub</strong></span> <span class='ocrx_word' id='word_1_482' title='bbox 1395 5154 1508 5231; x_wconf 78' lang='lat' dir='ltr'><strong>finmn</strong></span> <span class='ocrx_word' id='word_1_483' title='bbox 1518 5180 1605 5233; x_wconf 78' lang='lat' dir='ltr'><strong>vero</strong></span> <span class='ocrx_word' id='word_1_484' title='bbox 1619 5160 1686 5234; x_wconf 89' lang='lat' dir='ltr'><strong>ait:</strong></span> <span class='ocrx_word' id='word_1_485' title='bbox 1714 5157 1868 5254; x_wconf 76' lang='lat' dir='ltr'><strong>Denique</strong></span> <span class='ocrx_word' id='word_1_486' title='bbox 1882 5159 1980 5235; x_wconf 75' lang='lat' dir='ltr'><strong>lenius</strong></span> <span class='ocrx_word' id='word_1_487' title='bbox 1994 5161 2144 5263; x_wconf 72' lang='lat' dir='ltr'><strong>opnsculi</strong></span> <span class='ocrx_word' id='word_1_488' title='bbox 2154 5168 2208 5242; x_wconf 85' lang='lat' dir='ltr'><strong>ln-</strong></span> 
     </span>
    </p>

    <p class='ocr_par' dir='ltr' id='par_1_22' title="bbox 359 5241 2206 5358">
     <span class='ocr_line' id='line_1_45' title="bbox 359 5241 2206 5358; baseline 0.014 -40"><span class='ocrx_word' id='word_1_489' title='bbox 359 5241 498 5333; x_wconf 80' lang='lat' dir='ltr'><strong>borem,</strong></span> <span class='ocrx_word' id='word_1_490' title='bbox 520 5248 610 5340; x_wconf 75' lang='lat' dir='ltr'><strong>qaod</strong></span> <span class='ocrx_word' id='word_1_491' title='bbox 615 5254 645 5350; x_wconf 78' lang='lat' dir='ltr'><em>fi</em></span> <span class='ocrx_word' id='word_1_492' title='bbox 653 5251 789 5348; x_wconf 83' lang='lat' dir='ltr'><strong>placeat</strong></span> <span class='ocrx_word' id='word_1_493' title='bbox 800 5251 1026 5349; x_wconf 81' lang='lat' dir='ltr'><strong>compendium</strong></span> <span class='ocrx_word' id='word_1_494' title='bbox 1031 5258 1104 5354; x_wconf 81' lang='lat' dir='ltr'><strong>fine</strong></span> <span class='ocrx_word' id='word_1_495' title='bbox 1116 5251 1356 5352; x_wconf 80' lang='lat' dir='ltr'><strong>beeniioqnium</strong></span> <span class='ocrx_word' id='word_1_496' title='bbox 1369 5251 1509 5330; x_wconf 78' lang='lat' dir='ltr'><strong>lemene</strong></span> <span class='ocrx_word' id='word_1_497' title='bbox 1513 5253 1717 5358; x_wconf 78' lang='lat' dir='ltr'><strong>fiiloa&#39;tionis</strong></span> <span class='ocrx_word' id='word_1_498' title='bbox 1729 5260 2037 5338; x_wconf 81' lang='lat' dir='ltr'><strong>noneinetnrdelita</strong></span> <span class='ocrx_word' id='word_1_499' title='bbox 2058 5291 2131 5340; x_wconf 84' lang='lat' dir='ltr'><strong>com</strong></span> <span class='ocrx_word' id='word_1_500' title='bbox 2153 5295 2206 5343; x_wconf 86' lang='lat' dir='ltr'><strong>re·</strong></span> 
     </span>
    </p>

    <p class='ocr_par' dir='ltr' id='par_1_23' title="bbox 307 5343 2204 5554">
     <span class='ocr_line' id='line_1_46' title="bbox 307 5343 2204 5538; baseline 0.009 -116"><span class='ocrx_word' id='word_1_501' title='bbox 307 5387 309 5392; x_wconf 68' lang='lat'><strong>,</strong></span> <span class='ocrx_word' id='word_1_502' title='bbox 357 5347 507 5423; x_wconf 77' lang='lat' dir='ltr'><strong>mentia</strong></span> <span class='ocrx_word' id='word_1_503' title='bbox 521 5343 561 5422; x_wconf 70' lang='lat' dir='ltr'><strong>il</strong></span> <span class='ocrx_word' id='word_1_504' title='bbox 574 5347 884 5450; x_wconf 77' lang='lat' dir='ltr'><strong>iornlitoteoffero.</strong></span> <span class='ocrx_word' id='word_1_505' title='bbox 930 5349 1133 5450; x_wconf 71' lang='lat' dir='ltr'><strong>{Reuerendo</strong></span> <span class='ocrx_word' id='word_1_506' title='bbox 1152 5353 1187 5431; x_wconf 87' lang='lat' dir='ltr'><strong>in</strong></span> <span class='ocrx_word' id='word_1_507' title='bbox 1200 5354 1379 5532; x_wconf 61' lang='grc' dir='ltr'><strong>κρσέιαῐή</strong></span> <span class='ocrx_word' id='word_1_508' title='bbox 1391 5353 1681 5436; x_wconf 77' lang='lat' dir='ltr'><strong>dominololranni</strong></span> <span class='ocrx_word' id='word_1_509' title='bbox 1694 5356 2204 5538; x_wconf 47' lang='lat' dir='ltr'><strong>“bh&#39;f&#39;mmfl‘ff‘ssslffffim</strong></span> 
     </span>
     <span class='ocr_line' id='line_1_47' title="bbox 917 5471 2120 5554; baseline 0.011 -45"><span class='ocrx_word' id='word_1_510' title='bbox 917 5487 942 5517; x_wconf 76' lang='grc'><strong>,·</strong></span> <span class='ocrx_word' id='word_1_511' title='bbox 1321 5473 1341 5554; x_wconf 69' lang='lat'>3</span> <span class='ocrx_word' id='word_1_512' title='bbox 1371 5519 1374 5526; x_wconf 32' lang='lat'>¹</span> <span class='ocrx_word' id='word_1_513' title='bbox 1571 5471 1607 5516; x_wconf 85' lang='lat'><em>-¹..</em></span> <span class='ocrx_word' id='word_1_514' title='bbox 1716 5475 1777 5520; x_wconf 57' lang='lat' dir='ltr'><strong>eui</strong></span> <span class='ocrx_word' id='word_1_515' title='bbox 1953 5521 1957 5534; x_wconf 67' lang='grc'>,</span> <span class='ocrx_word' id='word_1_516' title='bbox 2098 5485 2120 5534; x_wconf 74' lang='lat' dir='ltr'><strong>a</strong></span> 
     </span>
    </p>
   </div>
   <div class='ocr_carea' id='block_1_19' title="bbox 0 0 2704 6284">
    <p class='ocr_par' dir='ltr' id='par_1_24' title="bbox 0 0 2704 6284">
     <span class='ocr_line' id='line_1_48' title="bbox 0 0 2704 6284; baseline 0 8"><span class='ocrx_word' id='word_1_517' title='bbox 0 0 2704 6284; x_wconf 95' lang='lat' dir='ltr'><strong> </strong></span> 
     </span>
    </p>
   </div>
  </div>
 </body>
</html>
