5400 6284
503 489 507 496 Ι
552 419 563 478 1

892 519 897 530 ’
993 613 1001 658 ·.
1133 517 1458 624 *Q
1577 539 1579 544 ·
1881 625 1888 642 ,,
2179 541 2226 624 53
2289 547 2293 556 ’

375 751 483 806 meum
546 733 611 801 uter
637 715 783 800 laborem
797 719 839 802 fi
854 717 1063 822 diligentiam
1085 720 1214 802 attulit
1233 741 1296 815 que
1312 719 1552 820 adnomltauta
1558 717 1672 817 suerit
1685 731 1728 820 vt,
1736 717 1953 822 librariorum
1966 722 2064 802 tossen
2076 721 2117 799 sir
2135 747 2227 800 ema·

377 825 473 904 mirus
511 829 699 924 offecerint:
725 838 810 898 certe
826 825 860 898 in
882 819 1026 919 ltacsuit
1038 823 1187 896 maximo
1200 830 1237 892 ut
1252 815 1350 890 Liuii
1360 811 1556 921 maicflabm
1571 818 1630 917 effi
1637 821 1776 896 datiane
1787 825 1914 921 ingenii
1926 823 2088 921 nusquam
2102 829 2229 906 minue

378 928 444 1016 sicu
461 949 470 999 :
494 927 640 998 locorum
654 925 788 996 uomina
799 920 969 996 duntaxat
982 921 1185 1020 uetujsiffima
1197 941 1260 1012 que
1276 915 1405 1015 diruerit
1416 916 1612 1020 pofitosuut
1631 921 1802 993 amultir:
1820 921 1944 1017 fallere
1959 946 2009 996 me
2022 923 2159 1024 sortoffe
2185 924 2226 1001 Θ
2260 987 2264 998 .

379 1049 419 1116 ca
427 1047 595 1120 perpauca
607 1033 809 1118 potuerunt:
830 1029 939 1093 cetera
952 1017 1096 1115 utsqero
1117 1042 1183 1091 uon
1195 1011 1352 1112 fefellere.
1376 1014 1518 1094 Adietia
1526 1015 1611 1115 sunt
1624 1017 1767 1093 ominium
1779 1016 1940 1118 libmtrum
1954 1025 2152 1119 epitomata,
2174 1047 2229 1098 eo·

379 1146 453 1198 rum
466 1122 565 1194 etiam
578 1123 638 1218 qui
652 1143 718 1194 non
733 1131 874 1192 extant:
899 1130 935 1193 ut
947 1118 1135 1216 primarum
1148 1139 1258 1190 rerum
1272 1117 1428 1188 noticiam
1442 1115 1621 1192 iubeamus
1638 1143 1681 1194 cx
1696 1122 1739 1192 iis
1756 1120 1902 1215 aliquam
1915 1145 1927 1192 .·
1942 1121 2045 1220 fimus
2072 1133 2229 1217 utquam

378 1233 448 1295 taut
464 1220 500 1294 ir
515 1217 620 1293 Liuia
624 1219 808 1316 fecerimus
818 1215 980 1298 iot‘imoru
1001 1213 1248 1314 intelligamus:
1273 1225 1437 1311 atcunque
1449 1219 1603 1308 futurem
1612 1221 1657 1317 fit
1668 1215 1846 1314 ncilrisatir
1856 1220 1964 1313 suerit
1984 1221 2053 1293 tuis
2064 1219 2152 1320 suffic
2159 1243 2228 1320 po·

367 1316 500 1417 vutffl,
527 1318 623 1391 cuius
643 1315 684 1392 fi
696 1314 881 1410 beneficiis:
911 1314 950 1390 td
962 1315 1155 1388 aulsaritati
1175 1311 1406 1388 oenniadcbeo.
1437 1315 1536 1392 Vale.

471 1413 608 1490 Aueria
633 1415 737 1512 primi
753 1413 827 1488 solii
842 1414 1106 1510 paginaincipit
1141 1413 1308 1510 Epitoma
1336 1415 1606 1508 quatuordecim
1632 1411 1840 1498 Decadum,
1865 1412 1958 1489 foliis
1973 1437 2016 1510 23
2047 1425 2228 1491 contenta.

381 1511 517 1590 Aueria
532 1535 576 1604 23
600 1513 674 1588 sosii
688 1513 816 1610 pagina
844 1514 962 1606 capita
979 1534 1127 1608 operum
1158 1512 1196 1585 in
1209 1511 1333 1586 codice
1348 1527 1624 1602 contentorum,
1653 1512 1712 1587 seu
1731 1513 1901 1588 librorum
1920 1514 2028 1588 trium
2046 1515 2230 1589 Decadunr

381 1633 466 1704 outn
482 1612 671 1688 cuiuslibet
682 1613 761 1688 libri
777 1613 877 1686 initio
891 1610 1045 1684 exhibet.
1095 1609 1188 1685 infra
1203 1611 1321 1707 capita
1333 1609 1397 1685 ista
1416 1612 1545 1708 legitur
1579 1611 1729 1710 sequens
1756 1609 2002 1698 tetrastichon,
2028 1637 2100 1713 quo
2120 1603 2230 1687 Vdot·
2358 1627 2361 1634 '

384 1707 475 1785 c'icrr
489 1729 634 1788 nactus
647 1710 726 1786 suos
739 1711 868 1794 libros,
899 1708 1068 1806 suamque
1088 1723 1201 1786 artem
1222 1711 1476 1785 commendare
1489 1711 1632 1787 solebat

755 1808 869 1907 eiusm
898 1805 1034 1906 Tarpeii
1058 1815 1160 1904 custos
1185 1807 1306 1881 Iouis:
1332 1810 1444 1882 uude:
1477 1809 1566 1906 quad
1586 1810 1651 1884 asir
1694 1817 1715 1826 ''
1789 1881 1794 1906 ,

830 1907 1081 2006 Couflreperer:
1109 1907 1230 1984 Galus
1254 1905 1400 1982 decidit:
1426 1910 1515 1982 ustor
1536 1909 1632 2012 adest.
1743 1979 1746 1990 ,

765 2005 950 2082 Vdalricus
978 2004 1121 2082 Gallus:
1148 2031 1187 2080 ue
1211 2029 1305 2102 quem
1324 2029 1372 2106 po
1385 2020 1508 2084 cantur
1531 2010 1567 2083 in
1590 2006 1685 2107 usum

828 2099 979 2180 Educt'tit
1000 2110 1117 2202 pennis
1141 2106 1190 2180 m'l
1212 2129 1293 2202 opus
1318 2130 1335 2176 e
1362 2131 1377 2177 e
1402 2109 1480 2183 tuir.

759 2204 930 2304 Imprimit
955 2201 1008 2276 ille
1032 2203 1094 2279 die.
1115 2216 1276 2300 quartum
1303 2229 1369 2277 nan
1385 2203 1553 2301 scribitur
1577 2226 1701 2298 anno..

807 2299 969 2401 'Ingenio
992 2325 1001 2376 ε
1025 2302 1119 2378 luoud
1142 2326 1282 2378 noceas:
1309 2305 1421 2378 omnia
1447 2308 1551 2380 vineit
1580 2301 1690 2378 bomo.

1091 2412 1097 2424 “
1195 2421 1417 2477 crmnnuvs.

480 2497 608 2598 Incipit
621 2497 751 2574 deinde
765 2497 850 2574 folio
866 2523 924 2596 24.
939 2497 1058 2572 Decus
1071 2495 1185 2593 prima
1199 2499 1324 2572 decem
1339 2502 1472 2583 libros,
1496 2497 1534 2590 ἀ
1553 2525 1561 2570 ι
1572 2517 1614 2590 55
1637 2495 1720 2570 solia
1734 2493 1998 2592 complestens3
2028 2495 2237 2596 definitprb
2355 2529 2368 2542 ,

384 2616 447 2678 ma
465 2597 541 2672 folii
554 2597 670 2672 ultimi
681 2600 831 2696 pagina,
857 2598 950 2672 linea
967 2619 1033 2691 34,
1060 2596 1117 2668 cui
1143 2595 1262 2670 versus
1279 2595 1377 2694 supra
1392 2595 1582 2672 memorati
1597 2617 1681 2668 cum
1709 2593 1835 2667 eodem
1852 2595 1997 2668 nomine
2022 2595 2160 2678 subiciti
2186 2598 2237 2670 le·

412 2701 532 2770 untur.
564 2697 683 2770 Decas
697 2695 848 2772 secunda
863 2697 986 2772 decem
1004 2695 1103 2770 libris
1119 2694 1310 2784 constans,
1335 2696 1411 2791 agit
1424 2697 1468 2769 de
1488 2693 1641 2768 secundo
1654 2691 1746 2766 bello
1759 2692 1894 2766 Punico
1910 2708 2083 2790 30ccupat
2102 2719 2166 2789 ιςο
2183 2696 2238 2768 fo·

401 2791 413 2808 ‘'
445 2792 617 2888 impressa.
655 2795 772 2870 Deras
790 2797 894 2870 tertia
914 2809 980 2884 ¹¹8
996 2793 1089 2868 soliis
1104 2792 1379 2889 comprehensa,
1415 2793 1591 2869 indecem
1606 2791 1703 2866 libris
1720 2791 1801 2867 belli
1818 2791 2062 2878 Macedonici,
2086 2793 2123 2869 dt
2139 2792 2238 2868 Asta·
2325 2882 2328 2893 Ι

385 2889 450 2964 tici
465 2891 644 2967 historiam
669 2911 822 2970 enarrat.
861 2893 1088 2970 Terminatur
1102 2893 1222 2965 auersa
1233 2893 1308 2968 solii
1319 2893 1433 2967 ultimi
1445 2894 1596 2990 pagina,
1618 2891 1712 2965 linea
1730 2915 1797 2977 12,
1827 2891 1886 2965 cui
1899 2889 2007 2966 etiam
2023 2890 2142 2966 uersus
2159 2889 2238 2968 Aa·

376 2987 437 3086 ser
457 2987 593 3086 Tarpeii
606 2993 674 3068 tec.
705 3017 787 3067 cum
806 2994 952 3068 nornine
967 3012 1147 3066 comeatu
1166 2989 1310 3066 subnexi
1325 2991 1511 3067 habentur.
1976 2989 1978 2994 ’

486 3090 691 3166 Editionem
707 3093 808 3166 istam
820 3093 1023 3188 elegantem
1035 3091 1252 3174 admodum,
1284 3093 1456 3174 nitidum,
1484 3113 1526 3163 ac
1554 3088 1806 3186 magnificam,
1833 3109 1942 3185 quam
1956 3087 2240 3166 clraraberisre·

384 3185 549 3273 nustate,
579 3187 1116 3285 acmaguisrcentiaparentesse
1133 3187 1389 3280 Vindesianae,
1415 3189 1594 3284 longeque
1622 3187 1658 3262 su
1686 3190 1837 3264 eriorem
1861 3187 2012 3263 Conradi
2033 3207 2240 3265 scutraru-

387 3308 499 3362 ttunu
524 3287 724 3362 &Aruoidi
736 3307 980 3382 unuuuurz,
1005 3284 1177 3358 adfirmat
1197 3283 1236 3359 P.
1251 3307 1378 3372 naeu,
1408 3287 1545 3360 Rornae
1559 3309 1605 3358 ex
1662 3286 1782 3358 dalrici
1795 3303 1878 3359 unu
1900 3283 2040 3360 officina
2056 3287 2094 3360 in
2122 3287 2240 3362 lucem

387 3381 551 3484 prodiisse
567 3409 673 3459 nemo
688 3385 826 3460 inficias
845 3385 919 3459 ibit.
957 3387 1121 3471 Quonam
1138 3405 1222 3456 uero
1241 3407 1359 3470 nuno,
1385 3407 1556 3478 magnum
1583 3384 1676 3456 inter
1690 3381 1833 3459 Patrem
1846 3405 1961 3456 saun
1993 3383 2031 3460 δι
2066 3383 2116 3458 Ιο.
2133 3383 2239 3483 Bapt.

387 3505 683 3558 nunterucoum
704 3498 868 3562 exortum
898 3484 947 3558 est
972 3495 1164 3557 certamen.
1226 3483 1366 3558 Primus
1395 3484 1511 3557 eidem
1543 3483 1698 3578 primum
1715 3481 1874 3576 adsignat
1894 3482 2014 3556 locum
2041 3505 2049 3555 :
2077 3505 2119 3557 ac
2143 3483 2240 3558 issam

388 3587 752 3667 scawctuncrmrr,
783 3583 821 3660 dt
834 3601 1086 3656 nnuunnrzu
1101 3581 1314 3678 praecessisse
1330 3581 1453 3655 multis
1474 3583 1599 3678 probat
1613 3583 1851 3675 argumentis:
1875 3601 2106 3656 avolarunt>
2120 3579 2242 3658 seeun-

388 3681 477 3758 dum
499 3681 618 3758 locum
634 3680 860 3780 sequentibus
881 3683 1103 3776 argumentis
1126 3681 1297 3756 attribuit.
1335 3677 1538 3755 Audiamus
1551 3680 1659 3754 illurn.
1939 3673 1942 3684 '
2322 3759 2325 3766 ,

486 3803 509 3872 3,
530 3781 571 3856 Si
583 3783 663 3878 quis
678 3781 872 3856 editionem
886 3781 1001 3865 hanc,
1018 3779 1135 3875 inquit
1150 3779 1185 3852 in
1202 3777 1314 3854 Coras.
1332 3777 1499 3878 Historica
1521 3780 1636 3852 critico
1659 3775 1756 3853 Edit.
1773 3774 1870 3854 Rom
1888 3775 1959 3855 Sec.
1974 3775 2045 3858 XV
2070 3801 2104 3876 p.
2121 3799 2166 3874 32
2202 3777 2242 3858 bt
2286 3845 2289 3858 .

388 3929 411 3965 „
433 3875 529 3974 seqq.
553 3881 591 3953 in
613 3881 823 3976 posteriores
835 3878 1081 3978 praecedentis
1094 3879 1177 3950 anni
1193 3919 1241 3931 -
1258 3895 1350 3972 rqtq
1366 3917 1414 3931 -
1430 3877 1568 3953 menses
1585 3877 1809 3952 reserandam
1825 3877 1893 3952 esse
1906 3877 1993 3952 velit
2012 3933 2021 3964 ,
2054 3903 2127 3953 non
2141 3877 2242 3975 equi·

389 4028 411 4063 „
439 3977 522 4050 dem
534 3977 568 4051 ei
583 3978 854 4075 repugnandum
868 3978 934 4053 esse
948 3976 1141 4053 censuerim
1156 4032 1165 4060 ,
1189 3977 1385 4051 dummodo
1400 4000 1483 4052 cum
1498 3977 1536 4052 P.
1552 3975 1592 4051 L.
1607 3977 1846 4074 antiquiorem
1861 3975 1929 4051 esse
1943 3978 2102 4062 editione
2124 3976 2242 4052 Aleri-

390 4129 411 4164 „
438 4077 529 4150 ensis
546 4100 619 4151 non
636 4079 840 4152 contendat.
858 4131 868 4150 .
883 4132 918 4153 ..
955 4075 1113 4152 Aliunde
1130 4097 1237 4159 vera,
1263 4098 1356 4172 quae
1372 4076 1539 4159 adducit,
1567 4072 1626 4150 seu
1650 4076 1770 4172 potius
1794 4076 1928 4152 indicat
1945 4076 1983 4149 Ρ.
2011 4097 2116 4150 inan
2138 4130 2147 4160 ,
2171 4097 2242 4171 quo

386 4229 410 4266 „
436 4175 583 4271 probet,
613 4177 670 4249 cui
694 4197 872 4250 cauetur
889 4175 1036 4250 editioni
1061 4175 1296 4271 principatum
1309 4171 1577 4249 adscribendum
1603 4173 1693 4257 esse,
1719 4171 1780 4247 etsr
1801 4173 1896 4246 haud
1914 4174 2176 4247 contemnenda
2191 4173 2241 4246 es·

386 4327 409 4362 „
432 4273 468 4348 se
495 4276 632 4368 fatear;
671 4275 850 4360 eiusmodi
871 4287 993 4348 tamen
1008 4299 1079 4347 non
1094 4272 1196 4357 sunt,
1224 4286 1363 4347 utcum
1385 4272 1620 4348 communiori
1646 4271 1832 4346 demaiori
1857 4269 2050 4347 Aseriensrs
2078 4272 2241 4348 editionis

387 4425 411 4458 ,.
435 4376 647 4472 antiquitate
661 4373 833 4450 sententia
846 4375 1024 4448 concisiori
1040 4373 1227 4446 cotim-rode
1252 4369 1478 4469 nonpossint.
1531 4367 1621 4446 lslud
1638 4368 1727 4446 milri
1746 4369 1890 4466 quidem
1910 4369 2014 4445 valde
2039 4369 2239 4468 probabile,

386 4513 411 4554 a,
438 4493 483 4543 ne
496 4474 614 4548 dicam
630 4487 769 4552 certum
794 4528 803 4556 ,
838 4473 1000 4552 videtur,
1026 4471 1245 4567 praesentem
1271 4495 1377 4544 cruit
1401 4469 1593 4544 editionem
1619 4471 1748 4544 ceteris
1773 4469 1938 4546 onmibus
1973 4469 2132 4546 Vdasrici
2156 4491 2238 4546 unu

403 4621 412 4652 ,
441 4559 678 4657 edibonibus,
705 4591 884 4648 camunni
902 4571 1079 4645 versibus:
1105 4569 1216 4670 dieser
1232 4568 1367 4667 Tarpeii
1379 4574 1481 4670 castor
1497 4569 1564 4646 &e
1581 4570 1736 4654 notatis,
1754 4570 1877 4644 ordine
1902 4570 2073 4667 temporis
2085 4569 2242 4646 anteces-

393 4717 412 4754 ·,
439 4665 521 4743 fisse.
549 4669 836 4768 ldenimaperte
860 4670 1062 4764 fignificasse
1077 4671 1217 4744 videtur
1241 4665 1536 4764 cantunuvsipse
1558 4669 1593 4742 in
1616 4670 1701 4768 epist.
1724 4666 1771 4740 od
1787 4666 1890 4742 Cares.
1906 4667 2095 4767 Perpetuam
2121 4670 2240 4774 eidem

390 4817 411 4853 „
437 4765 632 4863 praemissa:
644 4770 712 4862 scri
725 4823 736 4858 ,
751 4770 973 4866 inquitcirca
988 4771 1167 4854 medium,
1195 4793 1294 4863 quam
1319 4769 1417 4864 potui
1429 4767 1626 4866 diligenter,
1660 4779 1695 4840 ot
1716 4767 1789 4840 stuic
1802 4793 1930 4852 crateae,
1953 4769 2119 4862 miraeque
2141 4769 2241 4844 indu-

386 4907 411 4953 „
429 4868 533 4964 striae
545 4865 769 4966 impreffluum
784 4867 849 4965 igfi’
861 4893 989 4965 qnoque
999 4895 1062 4966 uro
1074 4870 1168 4942 uirili
1181 4865 1390 4940 truxisiar'er:
1420 4865 1502 4940 idem
1516 4867 1668 4958 satiricus
1686 4867 1719 4938 iu
1735 4868 1850 4940 ceteris
1864 4869 1932 4943 bec.
1975 4867 2138 4940 Decades
2152 4891 2239 4964 ergo

387 5019 409 5052 „
435 4967 609 5041 Liuianae
634 4987 856 5040 acumeauo
873 4968 1109 5053 emendatae,
1135 4967 1217 5042 issae
1230 4965 1309 5040 suut
1327 4961 1463 5060 primus
1477 4967 1555 5040 eius
1567 4967 1690 5049 labor,
1716 4987 1786 5059 quo
1806 4963 2033 5062 ipsequaque
2060 4967 2238 5063 impresso·

388 5119 410 5151 „
434 5085 514 5140 rutn
539 5065 729 5142 industriae
743 5065 933 5141 auxiliatus
947 5067 1017 5141 est:
1043 5067 1138 5162 quod
1151 5068 1248 5142 idem
1263 5065 1452 5162 postbacin
1466 5066 1594 5140 ceteris
1612 5063 1643 5138 se
1660 5061 1895 5138 sensturum-
1914 5065 1988 5138 non
2013 5065 2131 5139 iacere
2159 5087 2238 5161 per·

388 5215 410 5250 „
433 5162 883 5262 celtarum-pollicetur.
925 5165 1020 5240 Nihil
1039 5185 1126 5262 ergo
1140 5165 1211 5241 tale
1225 5164 1502 5250 anteasecerat,
1532 5163 1690 5260 nihilque
1706 5186 1751 5236 ex
1765 5165 2107 5244 eiusemendatione·
2121 5167 2237 5240 adbuc

385 5315 409 5352 „
435 5263 533 5361 typis
550 5263 858 5344 excusumsuerat.
909 5265 1026 5344 Multo
1036 5268 1158 5346 atinus
1169 5287 1256 5364 ergo
1278 5279 1387 5340 antea
1403 5263 1520 5343 excusi
1534 5263 1675 5342 suerunt
1702 5254 1844 5342 uersus:
1882 5261 1996 5364 Auser
2017 5261 2151 5362 Tarpeii
2177 5289 2235 5336 cu·

1256 5363 1296 5447 M
1323 5385 1342 5463 3
2076 5367 2181 5462 ,stoc
