5400 6284
434 771 537 851 Poris
558 771 685 847 Comici
700 772 1124 868 sleutpuiumuuerumeuau
1133 768 1224 874 finit.
1262 765 1397 842 Aueria
1410 767 1570 843 eiusdem
1594 767 1667 844 solii
1692 767 1821 866 pagina
1842 769 1884 849 Ρ.
1905 765 2052 850 Tertulli
2064 775 2131 854 ΕΩ.
2162 781 2277 858 Come·

434 873 493 946 dio
508 875 597 946 ridel
607 872 677 944 ..alios
701 871 871 966 lacipitso
880 872 1007 946 liciter.
1022 869 1128 943 Hanc
1142 867 1226 942 solio
1245 887 1310 961 113
1331 869 1376 938 dd
1391 869 1526 962 primae
1544 870 1694 966 paginae
1710 870 1819 946 finem
1834 870 1995 950 eiusdem
2007 873 2151 969 Esclriro
2165 880 2284 978 sequi·-

432 982 494 1048 tur
512 1028 520 1053 ,
548 901 720 1068 lisclairom
735 991 819 1043 vero
833 967 952 1043 auersa
965 968 1092 1062 pagina
1106 965 1180 1040 solii
1204 987 1296 1062 137,
1319 966 1411 1038 linea
1429 966 1614 1040 undecima
1630 964 1787 1041 Ploruiio
1800 969 1943 1064 excipit.
1970 971 2029 1045 Ad
2041 973 2176 1056 calcem
2189 1003 2275 1076 ope·

312 1095 321 1104 ’
432 1071 484 1146 ris
497 1069 531 1143 se
560 1071 678 1142 arentia
696 1069 880 1142 habentur.
934 1066 1050 1140 Pusilli
1070 1061 1329 1161 TerenciiAffri
1342 1064 1444 1137 Posse
1461 1063 1585 1138 Couaiti
1602 1063 1833 1139 Consediarum
1846 1066 2025 1168 liberfiuit.

532 1093 656 1242 llltum
675 1167 720 1241 de
733 1168 802 1241 liae
809 1166 963 1240 editione
977 1163 1274 1261 bibliographicae
1296 1162 1347 1235 rei
1363 1161 1548 1256 scriptores
1563 1174 1690 1238 tenent
1705 1163 1892 1244 silentium.
1946 1191 2139 1245 unaivooo
2159 1173 2205 1247 de
2220 1175 2272 1262 E·

278 1229 299 1258 ³
418 1266 491 1341 dis.
513 1264 637 1366 Cloffu.
654 1265 751 1339 Edit.
768 1262 879 1338 Germ.
898 1287 931 1360 p.
947 1274 1010 1351 165
1025 1265 1194 1338 editionis
1207 1261 1279 1336 sine
1292 1261 1401 1345 anni,
1428 1261 1520 1347 loci,
1544 1263 1950 1360 &typograpliiindicio
1977 1268 2121 1362 quidem
2143 1275 2272 1347 memi-

430 1367 505 1450 nit,
530 1365 700 1460 illamque
712 1363 952 1460 praeclaram,
978 1385 1022 1436 uc
1048 1362 1245 1459 principem
1258 1361 1422 1454 nominat
1446 1381 1458 1451 ;
1482 1359 1599 1435 nescio
1613 1375 1759 1448 autem,
1790 1386 1838 1437 an
1851 1364 1978 1438 eadem
1991 1387 2074 1441 cum
2096 1368 2271 1462 praesenti

428 1461 480 1538 sit.
530 1460 705 1536 Recenset
718 1460 854 1537 &alias
879 1463 1043 1540 undecim
1056 1459 1171 1536 seculo
1186 1460 1256 1536 XV
1270 1483 1353 1534 curn
1378 1459 1463 1533 anni
1477 1474 1562 1534 nota
1573 1459 1683 1538 satias
1700 1517 1708 1546 ,
1729 1463 1824 1538 inter
1837 1483 1929 1560 quas
1943 1464 2141 1564 principem
2154 1467 2271 1545 locum

323 1605 330 1616 -
426 1573 532 1636 tenet
548 1555 749 1634 Mediolanii
765 1573 861 1633 anno
881 1583 971 1655 ¹470
997 1581 1060 1662 per
1076 1559 1265 1636 Ausonium
1283 1581 1476 1633 susorum
1490 1559 1673 1636 adornata.

423 1691 440 1710 ··
527 1657 570 1734 P.
585 1677 816 1734 rennuatis
835 1656 949 1753 Aser,
976 1671 1083 1733 natus
1101 1659 1319 1754 Carthagine
1334 1679 1431 1730 anno
1454 1659 1620 1732 conditae
1647 1658 1742 1731 vrbis
1771 1657 1909 1732 Romae
1935 1657 2078 1737 DLXll.
2094 1672 2180 1738 ante
2198 1665 2272 1742 Cli.

273 1773 277 1780 “
302 1777 305 1782 ·
419 1755 474 1835 'N.
489 1756 632 1836 CXCll.
676 1756 830 1832 Romam
842 1757 941 1832 venit
954 1755 1096 1842 seruus,
1118 1755 1212 1832 seda
1226 1777 1439 1834 ssasurro
1453 1752 1594 1829 Lucano
1613 1757 1658 1833 ob
1671 1754 1827 1850 ingenii,
1851 1779 1895 1831 ac
1908 1757 2046 1833 formae
2058 1762 2274 1856 elegantiam
2306 1847 2309 1852 .

268 1867 281 1940 ,’
427 1869 570 1932 mature
595 1854 835 1931 manumissus.
887 1858 962 1932 Sex
983 1857 1232 1930 tantummodo
1256 1853 1477 1931 Comoediae
1499 1855 1545 1928 ab
1565 1855 1626 1931 illo
1639 1867 1789 1938 extant,
1811 1877 1938 1951 vneque
1949 1858 2067 1955 plures
2093 1863 2275 1936 veteribus

426 1955 733 2050 oognitaesuere,
762 1953 823 2050 qui
846 1954 884 2030 in
894 1955 947 2030 eis
971 1954 1357 2051 natiuamelegantiam
1380 1953 1481 2050 puri,
1507 1975 1550 2028 ac
1563 1953 1726 2051 fimplicis
1750 1953 1941 2029 laudarunt
1954 1954 2147 2042 sennonis,
2174 1959 2275 2054 inge-

385 2059 387 2064 '
429 2050 736 2148 niumquesuaue,
787 2052 904 2137 Obiit,
932 2053 1020 2128 teste
1041 2076 1212 2128 arsenio
1234 2075 1331 2126 anno
1345 2053 1390 2128 V.
1405 2053 1446 2127 C.
1474 2050 1627 2129 DXClX
1646 2052 1775 2127 aetatis
1791 2052 1959 2130 xxxvl.
1997 2055 2103 2131 conf.
2119 2079 2271 2135 unsara.

427 2146 522 2323 Bibrs'
538 2153 598 2324 suf.
613 2150 655 2225 T.
670 2150 809 2324 liuptzp
829 2150 867 2228 dt
880 2149 973 2252 seqq.
988 2151 1048 2229 vbi
1062 2151 1101 2229 dt
1111 2151 1202 2228 aliae
1214 2151 1341 2228 harum
1354 2150 1622 2229 comoediarum
1634 2154 1811 2230 editiones
1823 2173 1845 2228 a
1859 2150 1961 2254 supra
1983 2155 2193 2231 memoratis
2222 2157 2275 2232 di-

426 2271 473 2324 ue
505 2271 548 2323 ae
586 2271 681 2324 ouen
723 2270 813 2326 nu.

427 2428 580 2526 CXlV.
613 2429 844 2546 Hugonisa
861 2427 902 2526 S,
920 2428 1086 2517 Vidlore
1109 2424 1322 2518 Didascali
1338 2426 1430 2515 libri
1447 2429 1537 2523 Vll.
1558 2428 1738 2518 Accedit
1753 2429 1856 2518 liber
1869 2430 2187 2536 sententiarum,
2203 2434 2273 2523 seu

541 2543 827 2633 adsertionum
851 2571 948 2634 curn
970 2545 1059 2633 aliis
1076 2544 1329 2667 quibusdam
1360 2542 1582 2662 opusculis.
1611 2548 1658 2630 in
1673 2543 1747 2631 sol.
2032 2555 2039 2570 '

490 2683 492 2688 Ι
525 2727 567 2802 In
579 2726 655 2801 solii
669 2725 773 2841 primi
785 2724 906 2841 auersa
917 2697 1047 2824 pagina
1061 2726 1234 2840 (eupiunt
1247 2723 1540 2839 capitulonseptem
1563 2721 1725 2836 librorum
1749 2725 1943 2841 diduspason
1958 2729 2107 2829 magistri
2132 2726 2275 2829 lugduni

387 2935 389 2942 Ι
423 2823 673 2942 priorissas&
682 2823 839 2940 vadam,
867 2847 959 2926 quae
981 2825 1019 2900 in
1033 2847 1146 2940 prima
1168 2827 1421 2942 pag-insterni
1439 2821 1536 2937 solii,
1566 2821 1660 2896 linea
1682 2848 1723 2928 ².5
1743 2838 1992 2940 terminantur.
2046 2829 2086 2903 ln
2114 2829 2276 2906 eiusdem

424 2924 547 3001 auersa
563 2923 735 3022 Incipiunt
750 2925 900 3021 capitula
896 2920 1076 3096 ἔφεπεν
1102 2945 1211 3021 operis
1224 2925 1373 3095 mcffiijlru
1390 2917 1532 3017 sugerus
1559 2919 1629 2997 &u
1664 2921 1704 2998 de
1712 2920 1887 3020 [tutemus
1913 2927 1965 2996 uel
1989 2923 2219 3024 assensoribus
2239 2932 2276 3004 is

426 3022 528 3121 quibu
541 3023 620 3102 dum
633 3019 879 3097 uerbisdiuinis
950 3045 1060 3095 rerum
1073 3023 1216 3097 naturis.
1297 3021 1457 3096 iniuntur
1473 3017 1511 3092 in
1524 3016 1647 3092 auersa
1659 3018 1745 3093 sexti
1765 3019 1840 3096 solii
1852 3023 1992 3116 pagina.
2046 3023 2148 3101 Folio
2170 3027 2276 3121 septi·

426 3145 489 3226 mo
526 3122 656 3217 enique
671 3119 797 3220 sucipit
808 3118 997 3218 didascalos
1010 3119 1160 3233 magistri
1174 3118 1327 3293 Ιιαέοηίπ.
1346 3116 1386 3190 de
1395 3115 1508 3217 fludio
1521 3114 1661 3214 legendi.
1708 3117 1815 3192 Libro
1831 3115 1978 3214 septimo
1998 3119 2075 3198 solii
2089 3143 2135 3216 75
2159 3125 2278 3218 prima

266 3283 275 3297 ,
425 3221 583 3320 pagina,
608 3219 704 3295 linea
722 3218 846 3292 ostam
861 3217 943 3292 finis
961 3217 1009 3292 im
1060 3231 1166 3293 nitur.
1236 3239 1282 3290 ex
1295 3215 1431 3315 priores
1445 3215 1524 3290 libri
1535 3214 1706 3310 agirntde
1720 3215 1921 3290 liberalibus
1932 3218 2068 3292 artibus
2082 3241 2091 3292 :
2106 3218 2276 3318 septimus

259 3324 269 3356 ’·
425 3340 513 3396 vero
526 3319 571 3394 de
583 3318 839 3403 meditatione,
862 3313 923 3391 seu
936 3339 1003 3391 con
1019 3317 1347 3392 aderationeremm
1361 3327 1585 3399 creatarum,
1616 3311 1890 3392 &sanstissimae
1905 3315 2100 3393 Trinitatis.

524 3415 662 3509 Quibus
675 3416 808 3501 linitis,
829 3415 1036 3490 immediate
1060 3414 1185 3588 Incifd
1195 3415 1357 3514 prologus
1373 3415 1409 3487 iii
1423 3415 1568 3487 uouere
1592 3411 1631 3486 de
1652 3415 1766 3489 animo
1778 3415 1849 3512 xpi.
1871 3412 2132 3514 admugissrum.
2148 3409 2193 3489 G.
2207 3412 2274 3489 ie.

306 3529 308 3534 ·
426 3537 671 3591 ovaersavru
686 3514 726 3588 de
741 3512 959 3590 Mauritania
970 3513 1118 3590 Lauden
1134 3534 1193 3586 ern
1206 3512 1442 3610 Episcopum,
1468 3511 1636 3586 euilrunc
1652 3510 1842 3588 trasiatum
1861 3512 1898 3588 in
1913 3513 2030 3610 oripsrt
2040 3512 2171 3587 anaor.
2189 3510 2277 3585 Pro·

297 3643 300 3648 ·
424 3613 547 3709 logum
561 3611 636 3687 folii
649 3621 694 3692 ⁶2
713 3611 833 3687 suasa
846 3612 997 3708 pagina,
1014 3611 1109 3686 linea
1128 3613 1173 3689 16
1194 3610 1326 3709 excipit
1338 3607 1508 3686 trasiatas
1522 3608 1578 3684 De
1590 3608 1662 3684 cilo
1674 3607 1861 3687 eurauuelir.
1888 3611 1931 3687 ln
1946 3611 2065 3688 auersa
2078 3607 2208 3708 pagina
2220 3607 2276 3684 so·

285 3729 296 3744 ²
426 3714 464 3788 lii
478 3725 523 3807 85
540 3764 550 3795 ,
569 3712 664 3785 linea
680 3713 735 3787 16.
763 3707 890 3807 Incipit
904 3710 1067 3808 prologus
1076 3712 1111 3783 in
1128 3705 1307 3787 eamus·
1323 3711 1362 3782 de
1374 3707 1471 3782 laude
1484 3710 1639 3784 mutuus
1657 3763 1666 3794 ,
1692 3709 1862 3806 quemad
1882 3731 2056 3785 estavar
2082 3708 2276 3806 quemdam

262 3895 279 3924 ,Ι
322 3854 329 3868 ,
425 3809 581 3901 direxit;
604 3807 690 3925 solit>
704 3827 790 3883 vero
803 3805 962 3922 sequenti
978 3805 1305 3979 insufflati-affatus..
1333 3805 1435 3883 Folio
1466 3832 1519 3922 Ια,
1545 3807 1640 3924 linea
1656 3808 1795 3882 decima
1805 3808 1955 3924 inclinat
1965 3807 2135 3924 mallatus
2147 3805 2186 3880 de
2198 3831 2277 3882 cou-

426 3903 1039 4103 assiduissimus
1057 3904 2277 4118 ,siaiuaatriumuiralis,

427 4104 468 4183 ss
485 4106 577 4204 filia.
626 4105 854 4181 Terminatur
878 4104 948 4178 hoe
974 4125 1066 4200 opus
1088 4103 1251 4200 soliir52
1277 4126 1409 4202 pagina
1434 4157 1443 4187 ,
1466 4104 1561 4186 linea
1588 4104 1766 4198 vigesima.
1803 4105 1830 4180 F
1831 4106 1902 4180 olio
1915 4104 2076 4203 sequenti
2102 4106 2277 4203 incipiunt

426 4203 595 4284 Seustatio
613 4206 664 4279 vel
676 4201 866 4303 rusl‘ercioues
876 4199 1019 4302 hugonis
1029 4201 1237 4304 lucidrffime,
1263 4205 1300 4276 iu
1312 4199 1507 4301 quibusdum
1520 4201 1647 4277 diuinis
1661 4201 1702 4279 ss
1715 4228 1825 4288 rerum
1840 4207 1983 4280 naturis.
2020 4206 2127 4282 Liber
2140 4205 2202 4280 iste
2214 4224 2277 4277 va·

424 4302 764 4399 riacornpleslitur;
789 4301 1104 4398 praecipuumest,
1155 4301 1343 4378 salmurum
1356 4300 1549 4398 expositio,
1577 4303 1736 4398 &quam
1750 4302 1902 4398 plurima
1915 4303 1983 4376 alia
1997 4304 2044 4378 ad
2067 4303 2104 4377 S.
2117 4302 2278 4397 Scriptu-

426 4424 489 4476 rae
503 4402 625 4485 locos,
649 4424 790 4474 necnon
810 4399 1006 4482 dolirinam
1027 4421 1088 4476 mo
1142 4423 1202 4475 ern
1228 4399 1491 4477 dilucidandam
1507 4399 1704 4476 semientia.
1755 4401 1859 4475 Haec
1882 4402 2080 4496 genuininn
2103 4419 2278 4475 avoours

426 4497 502 4576 aS.
524 4499 659 4573 Vitiare
671 4499 739 4572 esse
763 4500 926 4594 partam,
955 4501 1248 4594 negat'ovoruvs
1273 4499 1311 4574 in
1325 4496 1507 4574 Commeat.
1520 4499 1559 4572 de
1565 4499 1684 4598 script.
1704 4497 1826 4598 Eccleſs
1844 4501 1921 4574 'lto
1944 4499 2010 4573 col.
2033 4520 2137 4595 ¹152·
2178 4498 2277 4576 Folio

426 4623 501 4696 244
520 4599 633 4695 prima
647 4600 798 4694 pagina,
820 4595 915 4671 linea
931 4622 975 4692 27
998 4597 1089 4674 haee
1103 4599 1210 4672 uerba
1222 4597 1322 4696 operi
1339 4598 1423 4672 liuic
1435 4597 1544 4672 linem
1559 4598 1771 4695 imponunt:
1800 4598 1876 4672 Deo
1888 4600 2035 4696 gratior.

524 4699 705 4783 Litterae,
731 4695 860 4794 quibus
875 4694 1076 4794 impressum
1102 4696 1151 4772 est
1169 4694 1335 4793 praesens
1355 4719 1470 4793 opus,
1495 4695 1576 4770 sunt
1601 4697 1706 4793 plane
1720 4699 1890 4782 eaedem,
1920 4696 2050 4793 quibus
2070 4697 2278 4774 immediate

425 4798 645 4894 praecedens
661 4793 830 4895 excusum
845 4794 1006 4874 habetur.
1057 4793 1193 4872 Desunt
1216 4795 1358 4870 litterae
1373 4794 1554 4880 initiales,
1584 4795 1805 4891 signaturae,
1837 4795 2026 4882 custodes,
2062 4795 2100 4873 dt
2156 4798 2279 4892 agina·
2368 4881 2372 4887 .

425 4915 506 4971 rum
518 4896 667 4972 numeri
717 4892 1016 4991 lnterpuusiionis
1029 4891 1126 4991 signa
1151 4893 1560 4998 adoraruntpunstum,
1586 4916 1714 4979 corna,
1751 4895 1790 4971 δι
1819 4894 2106 4990 interrogationis
2129 4819 2278 4990 sgnum.

426 4993 725 5166 Paginaluquaeuls
738 4993 878 5089 integra
895 5013 939 5090 33
956 4989 1202 5094 eompleffiun
1214 4991 1340 5070 linus
1389 4990 1525 5068 Charta
1544 4992 1595 5087 est
1611 4992 1715 5067 sitnia
1742 4994 1913 5092 quidem,
1953 4995 2109 5077 &alba,
2138 4991 2197 5066 sed
2210 4991 2278 5064 mi·

425 5115 496 5172 nus
535 5106 630 5169 orta.
1582 5103 1586 5108 '

397 5237 403 5247 ·
511 5116 721 5267 pEditlaneur
733 5187 828 5265 hant
849 5188 1111 5286 pernumium,
1134 5211 1179 5266 ac
1200 5185 1463 5287 Bibliographis
1483 5189 1645 5285 ignotam
1672 5187 1728 5265 Cl.
1743 5212 1909 5268 zasrivs
1935 5191 1974 5264 in
1998 5184 2130 5262 Auual.
2143 5195 2278 5284 typogr.

332 5299 339 5306 '
425 5289 570 5395 August.
585 5310 622 5389 p.
641 5311 707 5389 ¹⁴²
720 5285 979 5388 nescioquibtu
992 5289 1139 5367 loni-rus
1161 5287 1434 5379 mammenus,
1458 5285 1634 5372 maimo
1647 5309 1816 5382 sarusar
1829 5284 2056 5390 typographo
2069 5282 2278 5382 Augustino

1057 5427 1059 5432 ·
1609 5439 1613 5444 -
1648 5437 1651 5442 -
1812 5441 1815 5446 ,
2122 5403 2228 5458 aveo

1366 5499 1404 5554 -u
