5400 6284
1001 469 1013 498 μ
1206 541 1579 670 ssssss'
1718 651 1721 656 .
2105 505 2127 630 s
2223 579 2273 698 aq

253 797 275 834 x
370 757 375 768 ’
418 767 514 856 ilina
541 762 707 862 paginam
720 757 955 862 progreditur.
1004 759 1111 836 Liber
1122 757 1297 837 secundus
1311 762 1524 837 terminatur
1550 755 1635 838 solio
1649 779 1698 859 48
1723 761 1817 840 linea
1839 761 1978 840 decima
2002 767 2154 863 quate,
2185 735 2287 844 cum
2358 741 2363 748 ¹

277 925 286 936 ,
420 867 628 941 additione:
676 905 679 916 ·

748 957 906 1058 Explicit
930 954 1014 1032 liber
1030 955 1209 1055 secundet.
1234 955 1429 1052 Sequuntur
1449 959 1600 1048 capitula
1635 955 1738 1057 Tercp
1759 959 1848 1037 iibri.

330 1057 333 1064 ’
418 1062 523 1136 Liber
539 1055 784 1159 quartussolio
798 1066 845 1135 66
870 1057 1033 1142 inchoat,
1051 1057 1237 1153 primaque
1250 1056 1323 1130 solii
1339 1056 1556 1151 nonagesimi
1568 1059 1722 1156 pagina,
1748 1061 1843 1134 linea
1856 1079 1898 1156 33
1915 1057 2062 1144 finitur,
2088 1058 2188 1136 cuius
2214 1055 2269 1148 vi·¹

416 1157 504 1236 timu
518 1163 626 1236 verba
641 1158 744 1232 sunt:
773 1156 871 1231 Laus
889 1155 947 1230 deo
961 1156 1207 1256 clemenlifflmo.
1237 1153 1340 1230 Friez
1358 1154 1528 1252 Crassarr.
1669 1235 1676 1248 .
2204 1243 2207 1250 Ι

510 1258 643 1334 Desunt
671 1259 810 1334 litterae
837 1255 1014 1337 initiales,
1040 1255 1224 1339 custodes,
1250 1254 1471 1348 signaturae,
1502 1277 1545 1329 ac
1562 1255 1773 1353 paginarum
1798 1256 1948 1330 numeri.
1983 1253 2159 1344 Capitulis
2179 1249 2268 1330 nulli

413 1356 494 1433 sunt
507 1357 655 1454 praefixi
667 1355 772 1428 tituli.
810 1355 942 1428 Lineae
955 1355 992 1427 in
1008 1353 1133 1450 quouis
1148 1354 1277 1448 pagina
1295 1357 1433 1448 integra
1448 1379 1470 1448 3
1474 1377 1494 1445 3
1513 1368 1757 1429 numerantur.
1787 1353 1908 1428 Editio
1923 1355 2013 1430 haec
2033 1354 2189 1428 summae
2202 1376 2268 1430 aa·
2407 1395 2409 1400 ·

413 1455 613 1552 tiquitatis,
639 1475 683 1528 ac
693 1453 836 1547 insignis
849 1452 1005 1527 raritatis
1030 1466 1117 1526 nota
1130 1453 1259 1528 merito
1276 1453 1436 1547 gaudet,
1453 1454 1541 1542 ,dum
1556 1453 1831 1552 praestantiores
1843 1475 1989 1551 quoque
2000 1454 2053 1528 rei
2066 1451 2267 1548 Bibliogra·

413 1555 539 1650 phicae
552 1551 737 1649 scriptores
757 1575 838 1626 eam
857 1555 1078 1647 ignorarunt.
1257 1633 1259 1640 ¹
1627 1545 1633 1562 “

515 1650 707 1727 Austorern
722 1651 825 1724 huius
839 1653 957 1748 operis
976 1650 1037 1723 vix
1063 1673 1135 1723 non
1150 1671 1278 1723 omnes
1293 1647 1422 1723 eruditi
1447 1647 1483 1726 S.
1499 1669 1831 1726 nonavahrvunar
1843 1650 2053 1736 celebrantz
2083 1646 2267 1738 Gerraicus

298 1837 300 1842 Ι
335 1747 342 1762 “
415 1772 502 1824 vero
514 1769 690 1826 ovoruvs
703 1752 739 1824 in
756 1748 933 1823 Coronant.
952 1747 1114 1845 descript.
1137 1746 1263 1846 Eccsefi
1276 1748 1315 1822 T.
1328 1749 1375 1822 lll
1391 1771 1419 1821 c.
1434 1763 1510 1840 401·
1531 1751 1617 1824 illud
1631 1751 1750 1824 eidem
1762 1750 1988 1835 abiudicare,
2008 1747 2104 1824 haud
2139 1749 2267 1848 ubitatp

293 1845 298 1858 '
413 1848 482 1922 hoc
499 1849 640 1923 insrrmo
655 1848 847 1922 admodum
860 1848 1004 1924 innixus
1016 1845 1274 1922 fundamento:
1307 1847 1343 1920 ln
1360 1847 1509 1942 prologo
1521 1849 1698 1946 qliaedam
1711 1863 1926 1938 narrantur,
1948 1871 2041 1944 quae
2052 1847 2091 1940 S.
2106 1845 2264 1944 Delicti,

290 1937 293 1944 ¹
358 1957 360 1962 '
411 1949 553 2023 attribui
569 1949 662 2022 haud
676 1946 823 2043 possunt
872 1949 1058 2032 Quaenam
1072 1944 1151 2020 sunt
1169 1967 1252 2019 vero
1277 1945 1367 2020 illa?
1390 1947 1542 2021 Sanetus
1568 1949 1603 2019 in
1618 1947 1764 2043 prologo
1780 1947 1889 2032 dicit,
1915 1946 1949 2020 se
1969 1948 2006 2020 in
2022 1945 2266 2020 conuersronis

409 2048 583 2146 principio
595 2047 821 2122 auaorrtates
837 2044 1032 2120 ianitorum
1047 2045 1163 2139 legisse
1179 2098 1190 2130 ,
1217 2046 1263 2118 ad
1276 2044 1414 2120 sontem
1434 2045 1658 2140 originalium
1679 2046 1882 2132 recurrill'e,
1898 2068 1943 2118 ac
1954 2045 2131 2140 quaedam
2144 2068 2189 2118 ex
2203 2047 2266 2124 iis·

411 2147 494 2220 dem
510 2145 722 2241 excerpsisse.
773 2145 976 2220 Haecvero
991 2143 1113 2217 inueni
1139 2145 1338 2219 litterarum
1361 2145 1478 2217 adhuc
1504 2146 1664 2238 experti,
1693 2143 1885 2239 lhrdiisque
1914 2141 2195 2239 philosophicis,
2220 2164 2265 2218 ac

410 2245 621 2340 theologicis
633 2245 754 2318 dedito
767 2244 961 2318 conuenire
977 2257 1171 2338 nequeunt.
1225 2245 1278 2318 lm
1292 2244 1536 2336 argumentari
1549 2243 1681 2338 placuit
1694 2263 1868 2336 ovu1u03
1894 2243 1992 2338 quod
2017 2256 2139 2316 tumen
2163 2242 2264 2316 omni

410 2345 645 2419 admiratione
660 2341 892 2436 dignumest,
916 2364 998 2414 cum
1025 2331 1096 2434 ipse
1123 2341 1456 2416 Praemonstrateosr
1478 2343 1592 2415 ordini
1620 2343 1801 2437 quondam
1826 2339 1987 2416 addistus
2009 2395 2022 2427 ,
2046 2340 2150 2414 sacile
2177 2340 2266 2426 scire
2385 2357 2388 2362 ’

409 2443 596 2541 potuisset,
622 2438 864 2536 religiosorum
876 2440 1049 2513 iuuenum
1063 2439 1100 2510 in
1119 2439 1354 2512 conuerlionis
1370 2439 1565 2534 primordio
1578 2441 1721 2514 unicum
1738 2439 1806 2512 ell'e
1821 2441 2029 2535 negotium,
2067 2451 2108 2514 vt
2128 2429 2262 2514 santioss
2297 2475 2303 2482 ·

409 2545 489 2623 rum
504 2545 664 2617 virorum
678 2561 812 2636 opera,
843 2536 990 2612 Patrum
1003 2534 1161 2608 dosirina
1174 2535 1327 2618 referta,
1352 2538 1414 2610 diu
1428 2533 1831 2633 nolluquereuoiuant,
1860 2561 1987 2614 eorum
1998 2532 2263 2614 instruitionern

409 2648 481 2722 alte
495 2642 691 2720 imbibant,
716 2638 889 2731 iuxtaque
903 2656 985 2709 eam
997 2655 1118 2708 mores
1131 2631 1234 2720 suos,
1261 2655 1304 2706 ac
1319 2634 1428 2708 vitam
1442 2635 1608 2730 dirigant.
1635 2637 1723 2722 Quis
1737 2636 1858 2732 itaque
1874 2637 1971 2712 haud
1986 2635 2170 2712 verisimile
2183 2659 2296 2712 cre·.
2394 2663 2399 2674 ·

408 2745 496 2827 dat,
521 2736 559 2815 S.
575 2754 926 2816 nonnveurvnum,
953 2734 1068 2826 magur
1086 2732 1252 2827 pietatis,
1275 2755 1319 2805 ac
1334 2730 1525 2808 sanititatis
1540 2734 1676 2819 studio,
1699 2756 1850 2832 quamn
1876 2735 2024 2811 ostatam
2038 2737 2166 2824 illum,
2197 2735 2263 2830 de·

408 2842 546 2922 ditum,
573 2859 617 2910 eo
635 2845 797 2930 tempore
811 2856 831 2907 a
844 2832 878 2907 se
891 2831 1067 2928 quaedam
1076 2831 1260 2903 notamina
1275 2829 1448 2916 collella,
1470 2835 1508 2906 in
1523 2848 1642 2907 aetate
1654 2834 1769 2930 magis
1777 2757 1899 2909 adeda
1919 2833 1955 2909 ia
1975 2834 2138 2910 ordinem
2157 2836 2260 2908 rede·

408 2937 515 3036 glise,
541 2930 816 3032 eaqueauxisse,
842 2954 885 3005 ac
898 2932 1045 3005 tandem
1063 2951 1154 3023 opus
1171 2929 1260 3003 istud
1283 2930 1329 3002 ad
1342 2931 1504 3006 omnium
1521 2929 1709 3008 utilitatem
1726 2927 1940 3034 perfecisse?
1967 2931 2022 3007 Ex
2034 2931 2184 3029 prologo
2209 2927 2261 3009 nil

405 3040 527 3116 minus
540 3034 714 3110 coniicer'e
729 3029 799 3114 esi,
826 3053 934 3126 quam
950 3029 1020 3104 aS.
1038 3027 1189 3130 Dosiore
1201 3028 1287 3101 illud
1303 3028 1376 3102 iam
1393 3029 1429 3102 in
1443 3030 1683 3106 conuersronis
1698 3028 1871 3130 principio
1891 3034 1937 3105 ad
1949 3034 2114 3106 eamdem
2128 3031 2259 3147 perdu-

407 3137 500 3212 stum
515 3132 613 3210 fuisse
626 3128 891 3230 perseiiionem.
930 3125 1002 3224 lpse
1016 3128 1112 3200 euim
1126 3127 1288 3213 fatetur,
1317 3125 1351 3199 se
1372 3127 1417 3202 ad
1431 3129 1654 3224 originalium
1666 3130 1804 3210 sontem
1831 3131 2039 3215 recurrisse,
2065 3129 2260 3206 ex-risaen

408 3247 574 3328 excerpta
587 3228 809 3327 postmodum,
838 3240 878 3299 vt
892 3226 1019 3310 sciuit,
1042 3221 1222 3297 ordinasse.
1273 3224 1394 3320 Pergit
1407 3227 1536 3300 deinde
1552 3245 1755 3304 ovoruvs:
1781 3231 1902 3302 ausint
1913 3228 2011 3304 suum
2025 3249 2118 3324 opus
2132 3231 2260 3302 Pane-s

386 3345 495 3407 .trom
511 3327 723 3414 intitulaait;
752 3325 994 3418 ergomilitem
1009 3319 1131 3411 luisse,
1158 3319 1293 3396 necesse
1306 3323 1364 3396 est.
1413 3325 1522 3398 Certe
1536 3325 1641 3400 miles
1650 3326 1718 3398 suit
1732 3324 1768 3400 S.
1784 3343 2075 3400 noanvunavan
2091 3377 2101 3408 ,
2119 3330 2258 3400 nonita
2336 3373 2339 3380 ·

405 3431 581 3526 ignauus,
606 3438 647 3498 vt
660 3441 855 3508 ovoruvs,
882 3424 942 3518 qui
961 3424 1056 3496 vitae
1071 3419 1251 3514 religiosae
1271 3420 1451 3516 pertaesus
1477 3419 1587 3496 afide
1614 3443 1757 3520 quoque
1781 3423 2183 3508 catholicadelieliens,
2208 3425 2259 3500 ad

404 3546 571 3606 coeatur
587 3519 742 3600 castrase
756 3520 931 3614 contulit;
957 3519 1014 3594 sed
1035 3520 1227 3595 inuiolabili
1241 3519 1311 3592 lide
1336 3520 1539 3617 praedituS,
1565 3525 1740 3619 usquead
1763 3523 1928 3598 ultimum
1942 3524 2040 3598 vitae
2060 3521 2143 3597 suae
2162 3523 2258 3598 haii-

402 3644 482 3706 tum
494 3623 554 3700 sub
570 3619 698 3700 Christi
710 3619 860 3706 vexillo,
884 3643 926 3695 ac
939 3619 1196 3697 &annuenscr
1210 3619 1333 3714 regula
1348 3635 1470 3694 contra
1487 3622 1687 3710 mondum,
1712 3622 1918 3710 diabolum,
1943 3645 1986 3698 ac
2006 3641 2153 3698 carnem
2178 3623 2257 3721 pla·

403 3751 449 3806 ne
461 3721 608 3802 viriliter
624 3719 832 3798 decertauil.

516 4027 518 4032 .
579 3920 719 4030 Libri
741 3883 800 4026 ab
816 3921 1017 4028 Andrea
1033 3915 1243 4044 Frisner,
1273 3920 1324 4026 is
1341 3915 1468 4026 loen.
1482 3911 1845 4028 Sensenschmid
1875 3922 2082 4062 impreffl.

399 4131 598 4236 CXXIII.
629 4144 785 4230 laamas
808 4149 1038 4230 GERsole
1056 4137 1201 4228 diuersi
1219 4139 1430 4236 tradimus.
1459 4139 1490 4238 l.
1524 4135 1593 4224 De
1617 4141 1929 4230 examinatione
1952 4141 2249 4230 dodrinarum.

490 4268 492 4272 ’
515 4257 568 4349 ΙΙ.
599 4259 668 4348 De
690 4249 846 4371 duplici
863 4255 967 4341 slata
984 4259 1029 4342 in
1048 4257 1127 4342 Dei
1146 4251 1327 4349 ecclesa,
1355 4277 1597 4343 curatorum
1612 4255 1788 4356 scilicet,
1806 4263 1848 4346 δι
1870 4257 2249 4372 Priuilegiaturum,

512 4375 584 4470 lll.
619 4372 869 4478 Admonitio
892 4373 1060 4468 breuis,
1100 4367 1320 4482 quomodo
1338 4391 1463 4458 caute
1491 4365 1657 4483 legendi
1684 4367 1761 4457 fiat
1783 4371 1874 4458 libri
1898 4395 2070 4486 propter
2092 4395 2248 4460 errores

512 4491 716 4574 occultos.
759 4485 832 4577 lv,
867 4486 934 4570 De
950 4479 1231 4601 adpellatione
1247 4483 1481 4598 peccatoris
1501 4515 1526 4571 a
1546 4483 1691 4573 diuina
1709 4485 1860 4578 iustitia
1889 4485 1944 4574 ad
1960 4485 2146 4576 <diuinam
2173 4488 2246 4576 mi·
2345 4481 2348 4486 ’

508 4599 784 4808 gieordissm.
822 4600 1040 4800 ‘Hippus
1057 4600 1224 4688 unionis
1246 4587 1457 4692 ecelesiae.
1505 4589 1574 4686 Vi.
1605 4599 1800 4690 Dubium
1823 4597 1877 4690 de
1898 4601 2177 4690 deledationc
2199 4603 2247 4688 in

572 4735 676 4799 uitro
738 4742 789 4808 er.
818 4741 864 4799 rn
906 4743 962 4800 o.

483 4891 620 4972 Diuersi
634 4893 685 4968 ilii
705 4893 879 4980 ¹trallatuu
895 4919 937 4972 22
965 4888 1057 4968 soliis
1082 4891 1262 4982 contenti,
1283 4891 1411 4972 eodem
1426 4885 1651 4982 clraratiere,
1667 4913 1738 4996 q'uo
1754 4891 1968 4992 typopraphi
1989 4893 2090 4994 supra
2103 4914 2243 4969 memo-

390 4995 458 5074 rati
474 4996 521 5070 ad
537 4992 718 5084 Wlloriam
736 4991 992 5067 Lamiardicam
1015 5009 1114 5068 anno
1132 5006 1226 5092 ¹47⁶
1248 4997 1496 5073 excutiendam
1523 4998 1572 5071 vsr
1586 4997 1708 5074 suere.
1737 4996 1775 5072 dr
1791 5017 1899 5090 quern
1915 4996 2037 5070 tabula
2051 4995 2108 5072 Vl.
2134 4995 2178 5071 N.
2192 4994 2243 5072 llt

276 5150 291 5160 .
389 5096 555 5177 exhibet,
594 5091 747 5188 impressi
770 5092 916 5167 exstant.
968 5094 1403 5172 initialeslitteraeminio
1420 5095 1866 5194 depiiiaeconspicitmtur.
1918 5093 2156 5192 signatorae,
2179 5120 2242 5172 cu·

388 5193 534 5276 stodes,
558 5194 841 5288 paginarumque
853 5193 994 5268 numeri
1006 5194 1258 5272 desrderantur.
1313 5198 1471 5285 Quaeuis
1487 5197 1618 5295 pagina
1633 5217 1673 5284 35
1691 5194 1838 5271 exhibet
1859 5195 1985 5275 lineas.
2032 5198 2166 5275 Charta
2188 5193 2242 5268 elt

387 5293 494 5382 alba,
519 5312 560 5402 ac
576 5290 688 5371 firma.
725 5293 1023 5394 lnterpunffionis
1036 5291 1134 5392 signa
1147 5319 1275 5382 coma,
1296 5321 1341 5373 ac
1356 5293 1461 5374 colon
1480 5308 1685 5375 occurrunt.

1302 5473 1344 5554 Μ
1809 5411 1815 5417 ¹
2036 5475 2190 5554 ‘ln
