<?xml version="1.0" encoding="UTF-8"?>
<!DOCTYPE html PUBLIC "-//W3C//DTD XHTML 1.0 Transitional//EN"
    "http://www.w3.org/TR/xhtml1/DTD/xhtml1-transitional.dtd">
<html xmlns="http://www.w3.org/1999/xhtml" xml:lang="en" lang="en">
 <head>
  <title>
</title>
<meta http-equiv="Content-Type" content="text/html;charset=utf-8" />
  <meta name='ocr-system' content='tesseract 3.04.00' />
  <meta name='ocr-capabilities' content='ocr_page ocr_carea ocr_par ocr_line ocrx_word'/>
</head>
<body>
  <div class='ocr_page' id='page_1' title='image "./notitiahistoric03biblgoog_0197.png"; bbox 0 0 5400 6284; ppageno 0'>
   <div class='ocr_carea' id='block_1_1' title="bbox 296 541 1513 678">
    <p class='ocr_par' dir='ltr' id='par_1_1' title="bbox 296 541 1513 678">
     <span class='ocr_line' id='line_1_1' title="bbox 296 541 1513 678; baseline 0.007 -38"><span class='ocrx_word' id='word_1_1' title='bbox 296 673 299 678; x_wconf 16' lang='grc' dir='ltr'>Ι</span> <span class='ocrx_word' id='word_1_2' title='bbox 428 555 494 639; x_wconf 65' lang='lat'><strong>¹19·</strong></span> <span class='ocrx_word' id='word_1_3' title='bbox 567 611 588 625; x_wconf 71' lang='lat'><strong>,.</strong></span> <span class='ocrx_word' id='word_1_4' title='bbox 906 552 913 562; x_wconf 81' lang='grc'><strong>’</strong></span> <span class='ocrx_word' id='word_1_5' title='bbox 1191 541 1513 649; x_wconf 43' lang='lat' dir='ltr'><strong>&amp;aue-⁴³3⁹</strong></span> 
     </span>
    </p>
   </div>
   <div class='ocr_carea' id='block_1_2' title="bbox 363 738 2282 1157">
    <p class='ocr_par' dir='ltr' id='par_1_2' title="bbox 363 738 2280 1023">
     <span class='ocr_line' id='line_1_2' title="bbox 525 738 2277 857; baseline 0.011 -42"><span class='ocrx_word' id='word_1_6' title='bbox 525 743 687 828; x_wconf 89' lang='lat' dir='ltr'><strong>Quatuor</strong></span> <span class='ocrx_word' id='word_1_7' title='bbox 711 738 922 839; x_wconf 37' lang='lat' dir='ltr'><strong>priora-solia</strong></span> <span class='ocrx_word' id='word_1_8' title='bbox 952 741 1043 816; x_wconf 84' lang='lat' dir='ltr'><strong>titusi</strong></span> <span class='ocrx_word' id='word_1_9' title='bbox 1071 741 1316 839; x_wconf 87' lang='lat' dir='ltr'><strong>quaestionum</strong></span> <span class='ocrx_word' id='word_1_10' title='bbox 1332 756 1531 845; x_wconf 66' lang='lat' dir='ltr'><strong>occupant}</strong></span> <span class='ocrx_word' id='word_1_11' title='bbox 1558 747 1878 847; x_wconf 86' lang='lat' dir='ltr'><strong>soliodeinquinto</strong></span> <span class='ocrx_word' id='word_1_12' title='bbox 1903 754 2013 853; x_wconf 88' lang='lat' dir='ltr'><strong>ipsum</strong></span> <span class='ocrx_word' id='word_1_13' title='bbox 2029 782 2142 857; x_wconf 86' lang='lat' dir='ltr'><strong>opus,</strong></span> <span class='ocrx_word' id='word_1_14' title='bbox 2181 763 2277 842; x_wconf 73' lang='lat' dir='ltr'><strong>loliis</strong></span> 
     </span>
     <span class='ocr_line' id='line_1_3' title="bbox 363 840 2280 1023; baseline 0.008 -109"><span class='ocrx_word' id='word_1_15' title='bbox 363 866 365 870; x_wconf 91' lang='lat'>·</span> <span class='ocrx_word' id='word_1_16' title='bbox 423 856 495 931; x_wconf 63' lang='lat' dir='ltr'><strong>ruz.</strong></span> <span class='ocrx_word' id='word_1_17' title='bbox 512 855 744 925; x_wconf 73' lang='lat' dir='ltr'><strong>conuentum,</strong></span> <span class='ocrx_word' id='word_1_18' title='bbox 769 840 841 915; x_wconf 84' lang='lat' dir='ltr'><strong>sine</strong></span> <span class='ocrx_word' id='word_1_19' title='bbox 854 844 952 917; x_wconf 90' lang='lat' dir='ltr'><strong>omni</strong></span> <span class='ocrx_word' id='word_1_20' title='bbox 968 844 1089 927; x_wconf 85' lang='lat' dir='ltr'><strong>titulo,</strong></span> <span class='ocrx_word' id='word_1_21' title='bbox 1114 860 1177 919; x_wconf 89' lang='lat' dir='ltr'><strong>aut</strong></span> <span class='ocrx_word' id='word_1_22' title='bbox 1198 841 1423 940; x_wconf 79' lang='lat' dir='ltr'>inscriptione</span> <span class='ocrx_word' id='word_1_23' title='bbox 1440 849 1495 923; x_wconf 80' lang='lat' dir='ltr'><strong>iris</strong></span> <span class='ocrx_word' id='word_1_24' title='bbox 1514 851 1630 923; x_wconf 78' lang='lat' dir='ltr'><strong>verbis</strong></span> <span class='ocrx_word' id='word_1_25' title='bbox 1643 849 1787 947; x_wconf 82' lang='lat' dir='ltr'><strong>incipit:</strong></span> <span class='ocrx_word' id='word_1_26' title='bbox 1810 841 1904 1023; x_wconf 59' lang='lat' dir='ltr'><strong>spiriti</strong></span> <span class='ocrx_word' id='word_1_27' title='bbox 1914 862 1955 956; x_wconf 82' lang='lat' dir='ltr'><strong>est</strong></span> <span class='ocrx_word' id='word_1_28' title='bbox 1968 862 2093 934; x_wconf 78' lang='lat' dir='ltr'><strong>ueritm</strong></span> <span class='ocrx_word' id='word_1_29' title='bbox 2110 862 2150 936; x_wconf 61' lang='grc' dir='ltr'>ὅ</span> <span class='ocrx_word' id='word_1_30' title='bbox 2164 881 2280 936; x_wconf 70' lang='lat' dir='ltr'><strong>virum</strong></span> 
     </span>
    </p>

    <p class='ocr_par' dir='ltr' id='par_1_3' title="bbox 424 938 2282 1157">
     <span class='ocr_line' id='line_1_4' title="bbox 425 938 2281 1047; baseline 0.01 -34"><span class='ocrx_word' id='word_1_31' title='bbox 425 944 550 1015; x_wconf 81' lang='lat' dir='ltr'><strong>veritas</strong></span> <span class='ocrx_word' id='word_1_32' title='bbox 562 940 784 1038; x_wconf 73' lang='lat' dir='ltr'><strong>principalius</strong></span> <span class='ocrx_word' id='word_1_33' title='bbox 798 942 995 1015; x_wconf 81' lang='lat' dir='ltr'><strong>inueniatur</strong></span> <span class='ocrx_word' id='word_1_34' title='bbox 1008 942 1043 1015; x_wconf 88' lang='lat' dir='ltr'><strong>iu</strong></span> <span class='ocrx_word' id='word_1_35' title='bbox 1060 938 1219 1016; x_wconf 63' lang='lat' dir='ltr'><strong>intelleHu</strong></span> <span class='ocrx_word' id='word_1_36' title='bbox 1232 967 1332 1037; x_wconf 86' lang='lat' dir='ltr'><strong>quom</strong></span> <span class='ocrx_word' id='word_1_37' title='bbox 1344 947 1379 1019; x_wconf 85' lang='lat' dir='ltr'><strong>in</strong></span> <span class='ocrx_word' id='word_1_38' title='bbox 1390 945 1497 1036; x_wconf 73' lang='lat' dir='ltr'><strong>nias,</strong></span> <span class='ocrx_word' id='word_1_39' title='bbox 1513 947 1612 1043; x_wconf 86' lang='lat' dir='ltr'><strong>Opus</strong></span> <span class='ocrx_word' id='word_1_40' title='bbox 1628 947 1778 1022; x_wconf 87' lang='lat' dir='ltr'><strong>secunda</strong></span> <span class='ocrx_word' id='word_1_41' title='bbox 1794 948 1828 1022; x_wconf 91' lang='lat' dir='ltr'><strong>so</strong></span> <span class='ocrx_word' id='word_1_42' title='bbox 1843 951 1876 1028; x_wconf 84' lang='lat' dir='ltr'><strong>ii</strong></span> <span class='ocrx_word' id='word_1_43' title='bbox 1886 971 1959 1046; x_wconf 77' lang='lat'><strong>480</strong></span> <span class='ocrx_word' id='word_1_44' title='bbox 1975 955 2166 1047; x_wconf 85' lang='lat' dir='ltr'><strong>columna,</strong></span> <span class='ocrx_word' id='word_1_45' title='bbox 2182 961 2281 1036; x_wconf 83' lang='lat' dir='ltr'><strong>linea</strong></span> 
     </span>
     <span class='ocr_line' id='line_1_5' title="bbox 424 1036 2282 1157; baseline 0.009 -42"><span class='ocrx_word' id='word_1_46' title='bbox 424 1060 469 1132; x_wconf 82' lang='lat'><strong>31</strong></span> <span class='ocrx_word' id='word_1_47' title='bbox 486 1040 720 1124; x_wconf 84' lang='lat' dir='ltr'><strong>terminatur,</strong></span> <span class='ocrx_word' id='word_1_48' title='bbox 747 1042 805 1116; x_wconf 88' lang='lat' dir='ltr'><strong>cui</strong></span> <span class='ocrx_word' id='word_1_49' title='bbox 821 1036 1010 1136; x_wconf 88' lang='lat' dir='ltr'><strong>sequentia·</strong></span> <span class='ocrx_word' id='word_1_50' title='bbox 1023 1038 1177 1114; x_wconf 74' lang='lat' dir='ltr'><strong>subiecta</strong></span> <span class='ocrx_word' id='word_1_51' title='bbox 1201 1044 1398 1123; x_wconf 85' lang='lat' dir='ltr'><strong>habentur:</strong></span> <span class='ocrx_word' id='word_1_52' title='bbox 1430 1044 1619 1145; x_wconf 66' lang='lat' dir='ltr'><strong>Qnrpliours</strong></span> <span class='ocrx_word' id='word_1_53' title='bbox 1636 1044 1812 1142; x_wconf 67' lang='lat' dir='ltr'><strong>disputate.</strong></span> <span class='ocrx_word' id='word_1_54' title='bbox 1827 1053 2007 1127; x_wconf 76' lang='lat' dir='ltr'><em>luculenter</em></span> <span class='ocrx_word' id='word_1_55' title='bbox 2020 1079 2120 1150; x_wconf 81' lang='lat' dir='ltr'><strong>quam</strong></span> <span class='ocrx_word' id='word_1_56' title='bbox 2147 1058 2282 1157; x_wconf 74' lang='lat' dir='ltr'><strong>disticte</strong></span> 
     </span>
    </p>
   </div>
   <div class='ocr_carea' id='block_1_3' title="bbox 410 1133 2281 1336">
    <p class='ocr_par' dir='ltr' id='par_1_4' title="bbox 410 1133 2281 1336">
     <span class='ocr_line' id='line_1_6' title="bbox 423 1133 2281 1258; baseline 0.011 -46"><span class='ocrx_word' id='word_1_57' title='bbox 423 1137 529 1238; x_wconf 80' lang='lat' dir='ltr'><em>Beati</em></span> <span class='ocrx_word' id='word_1_58' title='bbox 546 1135 668 1254; x_wconf 69' lang='lat' dir='ltr'><strong>Tlroane</strong></span> <span class='ocrx_word' id='word_1_59' title='bbox 677 1139 865 1254; x_wconf 37' lang='lat' dir='ltr'><strong>aquinati..</strong></span> <span class='ocrx_word' id='word_1_60' title='bbox 874 1163 936 1238; x_wconf 82' lang='lat' dir='ltr'><strong>per</strong></span> <span class='ocrx_word' id='word_1_61' title='bbox 949 1164 998 1212; x_wconf 85' lang='lat' dir='ltr'><strong>me</strong></span> <span class='ocrx_word' id='word_1_62' title='bbox 1014 1137 1195 1214; x_wconf 77' lang='lat' dir='ltr'><em>Iohannem</em></span> <span class='ocrx_word' id='word_1_63' title='bbox 1215 1138 1378 1241; x_wconf 81' lang='lat' dir='ltr'><strong>ssoellroff</strong></span> <span class='ocrx_word' id='word_1_64' title='bbox 1394 1133 1578 1222; x_wconf 78' lang='lat' dir='ltr'><strong>deLnr&#39;reci</strong></span> <span class='ocrx_word' id='word_1_65' title='bbox 1598 1143 1732 1219; x_wconf 80' lang='lat' dir='ltr'><strong>Colonia</strong></span> <span class='ocrx_word' id='word_1_66' title='bbox 1760 1150 1902 1222; x_wconf 83' lang='lat' dir='ltr'><strong>incolam</strong></span> <span class='ocrx_word' id='word_1_67' title='bbox 1926 1151 2102 1251; x_wconf 75' lang='lat' dir='ltr'><strong>diligenter</strong></span> <span class='ocrx_word' id='word_1_68' title='bbox 2128 1156 2281 1258; x_wconf 76' lang='lat' dir='ltr'><strong>impreffe</strong></span> 
     </span>
     <span class='ocr_line' id='line_1_7' title="bbox 410 1236 936 1336; baseline -0.006 -22"><span class='ocrx_word' id='word_1_69' title='bbox 410 1236 529 1320; x_wconf 72' lang='lat' dir='ltr'><strong>,Anno</strong></span> <span class='ocrx_word' id='word_1_70' title='bbox 540 1236 666 1313; x_wconf 79' lang='lat' dir='ltr'><strong>domiai</strong></span> <span class='ocrx_word' id='word_1_71' title='bbox 684 1259 779 1335; x_wconf 72' lang='lat'><strong>1475</strong></span> <span class='ocrx_word' id='word_1_72' title='bbox 799 1238 936 1336; x_wconf 79' lang='lat' dir='ltr'><strong>finiunt.</strong></span> 
     </span>
    </p>
   </div>
   <div class='ocr_carea' id='block_1_4' title="bbox 316 1287 2355 1534">
    <p class='ocr_par' dir='ltr' id='par_1_5' title="bbox 316 1287 2355 1534">
     <span class='ocr_line' id='line_1_8' title="bbox 516 1287 2355 1442; baseline 0.01 -29"><span class='ocrx_word' id='word_1_73' title='bbox 516 1338 621 1412; x_wconf 88' lang='lat' dir='ltr'><strong>Haec</strong></span> <span class='ocrx_word' id='word_1_74' title='bbox 636 1335 747 1414; x_wconf 87' lang='lat' dir='ltr'><strong>editio</strong></span> <span class='ocrx_word' id='word_1_75' title='bbox 760 1335 950 1423; x_wconf 82' lang='lat' dir='ltr'><strong>rarissima,</strong></span> <span class='ocrx_word' id='word_1_76' title='bbox 976 1337 1066 1415; x_wconf 88' lang='lat' dir='ltr'><strong>mihi</strong></span> <span class='ocrx_word' id='word_1_77' title='bbox 1078 1336 1239 1414; x_wconf 89' lang='lat' dir='ltr'><strong>omnium</strong></span> <span class='ocrx_word' id='word_1_78' title='bbox 1254 1337 1368 1435; x_wconf 86' lang='lat' dir='ltr'><strong>prima</strong></span> <span class='ocrx_word' id='word_1_79' title='bbox 1381 1339 1533 1417; x_wconf 83' lang='lat' dir='ltr'><strong>videtur.</strong></span> <span class='ocrx_word' id='word_1_80' title='bbox 1558 1343 2149 1442; x_wconf 78' lang='lat' dir='ltr'><strong>ovarrr,ma1rrnr&#39;na,aava,</strong></span> <span class='ocrx_word' id='word_1_81' title='bbox 2167 1352 2282 1433; x_wconf 84' lang='lat' dir='ltr'><strong>&amp;alii</strong></span> <span class='ocrx_word' id='word_1_82' title='bbox 2331 1287 2355 1370; x_wconf 20' lang='grc' dir='ltr'><strong>’ἢ</strong></span> 
     </span>
     <span class='ocr_line' id='line_1_9' title="bbox 316 1434 2283 1534; baseline -0.017 -19"><span class='ocrx_word' id='word_1_83' title='bbox 316 1437 321 1446; x_wconf 92' lang='grc'><strong>’</strong></span> <span class='ocrx_word' id='word_1_84' title='bbox 415 1434 665 1534; x_wconf 84' lang='lat' dir='ltr'><strong>Bibiiographi</strong></span> <span class='ocrx_word' id='word_1_85' title='bbox 680 1435 816 1513; x_wconf 88' lang='lat' dir='ltr'><strong>nussam</strong></span> <span class='ocrx_word' id='word_1_86' title='bbox 827 1434 873 1511; x_wconf 89' lang='lat' dir='ltr'><strong>de</strong></span> <span class='ocrx_word' id='word_1_87' title='bbox 887 1436 1147 1517; x_wconf 86' lang='lat' dir='ltr'><strong>eahabuerunt</strong></span> <span class='ocrx_word' id='word_1_88' title='bbox 1161 1436 1337 1515; x_wconf 80' lang='lat' dir='ltr'><strong>notitiam.</strong></span> <span class='ocrx_word' id='word_1_89' title='bbox 2248 1477 2252 1482; x_wconf 89' lang='lat'>.</span> <span class='ocrx_word' id='word_1_90' title='bbox 2280 1461 2283 1465; x_wconf 82' lang='lat'><em>-</em></span> 
     </span>
    </p>
   </div>
   <div class='ocr_carea' id='block_1_5' title="bbox 258 1630 2276 1865">
    <p class='ocr_par' dir='ltr' id='par_1_6' title="bbox 258 1630 2276 1865">
     <span class='ocr_line' id='line_1_10' title="bbox 258 1630 2276 1763; baseline 0.001 -44"><span class='ocrx_word' id='word_1_91' title='bbox 258 1709 262 1718; x_wconf 89' lang='grc'><em>,</em></span> <span class='ocrx_word' id='word_1_92' title='bbox 420 1632 474 1721; x_wconf 82' lang='lat' dir='ltr'><strong>x.</strong></span> <span class='ocrx_word' id='word_1_93' title='bbox 504 1631 683 1722; x_wconf 84' lang='lat' dir='ltr'><strong>Catonis</strong></span> <span class='ocrx_word' id='word_1_94' title='bbox 697 1630 854 1722; x_wconf 85' lang='lat' dir='ltr'><strong>Ethica</strong></span> <span class='ocrx_word' id='word_1_95' title='bbox 870 1630 1116 1752; x_wconf 81' lang='lat' dir='ltr'><strong>amplisfimis</strong></span> <span class='ocrx_word' id='word_1_96' title='bbox 1135 1632 1460 1723; x_wconf 86' lang='lat' dir='ltr'><strong>Commentariis</strong></span> <span class='ocrx_word' id='word_1_97' title='bbox 1487 1632 1699 1732; x_wconf 84' lang='lat' dir='ltr'><strong>illustrata.</strong></span> <span class='ocrx_word' id='word_1_98' title='bbox 1729 1635 1942 1758; x_wconf 85' lang='lat' dir='ltr'><strong>Augustae</strong></span> <span class='ocrx_word' id='word_1_99' title='bbox 1968 1639 2053 1731; x_wconf 87' lang='lat' dir='ltr'><strong>sine</strong></span> <span class='ocrx_word' id='word_1_100' title='bbox 2075 1660 2276 1763; x_wconf 76' lang='lat' dir='ltr'><strong>typogra-</strong></span> 
     </span>
     <span class='ocr_line' id='line_1_11' title="bbox 266 1747 1245 1865; baseline -0.014 -16"><span class='ocrx_word' id='word_1_101' title='bbox 266 1771 271 1778; x_wconf 83' lang='lat'>&#39;</span> <span class='ocrx_word' id='word_1_102' title='bbox 510 1747 612 1865; x_wconf 54' lang='lat' dir='ltr'><strong>‘phi</strong></span> <span class='ocrx_word' id='word_1_103' title='bbox 632 1749 805 1836; x_wconf 86' lang='lat' dir='ltr'><strong>nomine</strong></span> <span class='ocrx_word' id='word_1_104' title='bbox 820 1774 935 1836; x_wconf 86' lang='lat' dir='ltr'><strong>anno</strong></span> <span class='ocrx_word' id='word_1_105' title='bbox 959 1775 1081 1865; x_wconf 84' lang='lat'><strong>1475,</strong></span> <span class='ocrx_word' id='word_1_106' title='bbox 1109 1751 1154 1835; x_wconf 90' lang='lat' dir='ltr'><strong>in</strong></span> <span class='ocrx_word' id='word_1_107' title='bbox 1170 1751 1245 1837; x_wconf 86' lang='lat' dir='ltr'><strong>sos.</strong></span> 
     </span>
    </p>
   </div>
   <div class='ocr_carea' id='block_1_6' title="bbox 365 1927 2277 2329">
    <p class='ocr_par' dir='ltr' id='par_1_7' title="bbox 365 1927 2277 2329">
     <span class='ocr_line' id='line_1_12' title="bbox 365 1927 2277 2038; baseline 0.005 -29"><span class='ocrx_word' id='word_1_108' title='bbox 365 1987 370 1996; x_wconf 83' lang='lat'><em>-</em></span> <span class='ocrx_word' id='word_1_109' title='bbox 509 1927 647 2008; x_wconf 81' lang='lat' dir='ltr'><strong>Autior</strong></span> <span class='ocrx_word' id='word_1_110' title='bbox 658 1929 766 2006; x_wconf 87' lang='lat' dir='ltr'><strong>huius</strong></span> <span class='ocrx_word' id='word_1_111' title='bbox 782 1927 955 2020; x_wconf 86' lang='lat' dir='ltr'><strong>Ethioea,</strong></span> <span class='ocrx_word' id='word_1_112' title='bbox 979 1927 1040 2007; x_wconf 92' lang='lat' dir='ltr'><strong>seu</strong></span> <span class='ocrx_word' id='word_1_113' title='bbox 1058 1930 1299 2028; x_wconf 84' lang='lat' dir='ltr'><strong>dystichorum</strong></span> <span class='ocrx_word' id='word_1_114' title='bbox 1316 1930 1362 2005; x_wconf 88' lang='lat' dir='ltr'><strong>de</strong></span> <span class='ocrx_word' id='word_1_115' title='bbox 1375 1929 1534 2006; x_wconf 88' lang='lat' dir='ltr'><strong>moribus</strong></span> <span class='ocrx_word' id='word_1_116' title='bbox 1552 1929 1598 2006; x_wconf 88' lang='lat' dir='ltr'><strong>ad</strong></span> <span class='ocrx_word' id='word_1_117' title='bbox 1621 1930 1734 2009; x_wconf 86' lang='lat' dir='ltr'><strong>filium</strong></span> <span class='ocrx_word' id='word_1_118' title='bbox 1748 1931 1799 2011; x_wconf 80' lang='lat' dir='ltr'><strong>esi</strong></span> <span class='ocrx_word' id='word_1_119' title='bbox 1813 1929 1997 2038; x_wconf 73' lang='lat' dir='ltr'><strong>Dionpfius</strong></span> <span class='ocrx_word' id='word_1_120' title='bbox 2016 1959 2125 2017; x_wconf 84' lang='lat' dir='ltr'><strong>caro.</strong></span> <span class='ocrx_word' id='word_1_121' title='bbox 2165 1942 2277 2032; x_wconf 83' lang='lat' dir='ltr'><strong>Quia·</strong></span> 
     </span>
     <span class='ocr_line' id='line_1_13' title="bbox 416 2028 2274 2134; baseline 0.006 -29"><span class='ocrx_word' id='word_1_122' title='bbox 416 2051 502 2106; x_wconf 86' lang='lat' dir='ltr'><strong>narn</strong></span> <span class='ocrx_word' id='word_1_123' title='bbox 519 2028 786 2115; x_wconf 87' lang='lat' dir='ltr'><strong>autemsuerit,</strong></span> <span class='ocrx_word' id='word_1_124' title='bbox 812 2031 851 2109; x_wconf 83' lang='lat' dir='ltr'><strong>lic</strong></span> <span class='ocrx_word' id='word_1_125' title='bbox 863 2052 935 2127; x_wconf 89' lang='lat' dir='ltr'><strong>quo</strong></span> <span class='ocrx_word' id='word_1_126' title='bbox 947 2045 1111 2130; x_wconf 89' lang='lat' dir='ltr'><strong>tempore</strong></span> <span class='ocrx_word' id='word_1_127' title='bbox 1133 2030 1319 2117; x_wconf 84' lang='lat' dir='ltr'><strong>floruerit,</strong></span> <span class='ocrx_word' id='word_1_128' title='bbox 1346 2031 1411 2107; x_wconf 88' lang='lat' dir='ltr'><strong>viri</strong></span> <span class='ocrx_word' id='word_1_129' title='bbox 1430 2030 1599 2116; x_wconf 88' lang='lat' dir='ltr'><strong>litterati,</strong></span> <span class='ocrx_word' id='word_1_130' title='bbox 1625 2044 1666 2106; x_wconf 79' lang='lat' dir='ltr'><strong>vt</strong></span> <span class='ocrx_word' id='word_1_131' title='bbox 1680 2054 1856 2109; x_wconf 78' lang='lat' dir='ltr'><strong>maenaa</strong></span> <span class='ocrx_word' id='word_1_132' title='bbox 1870 2036 1907 2111; x_wconf 92' lang='lat' dir='ltr'><strong>in</strong></span> <span class='ocrx_word' id='word_1_133' title='bbox 1921 2035 1987 2134; x_wconf 85' lang='lat' dir='ltr'><strong>suo</strong></span> <span class='ocrx_word' id='word_1_134' title='bbox 2000 2037 2105 2112; x_wconf 82' lang='lat' dir='ltr'><strong>lexico</strong></span> <span class='ocrx_word' id='word_1_135' title='bbox 2121 2055 2274 2128; x_wconf 85' lang='lat' dir='ltr'><strong>mouet,</strong></span> 
     </span>
     <span class='ocr_line' id='line_1_14' title="bbox 416 2126 2274 2233; baseline 0.008 -31"><span class='ocrx_word' id='word_1_136' title='bbox 416 2129 511 2202; x_wconf 89' lang='lat' dir='ltr'><strong>inter</strong></span> <span class='ocrx_word' id='word_1_137' title='bbox 528 2126 562 2201; x_wconf 86' lang='lat' dir='ltr'><strong>se</strong></span> <span class='ocrx_word' id='word_1_138' title='bbox 572 2126 670 2203; x_wconf 89' lang='lat' dir='ltr'><strong>haud</strong></span> <span class='ocrx_word' id='word_1_139' title='bbox 683 2129 916 2204; x_wconf 89' lang='lat' dir='ltr'><strong>conueniunt.</strong></span> <span class='ocrx_word' id='word_1_140' title='bbox 959 2129 1013 2206; x_wconf 92' lang='lat' dir='ltr'><strong>Cl.</strong></span> <span class='ocrx_word' id='word_1_141' title='bbox 1030 2150 1263 2207; x_wconf 73' lang='lat' dir='ltr'><strong>scauriana</strong></span> <span class='ocrx_word' id='word_1_142' title='bbox 1283 2128 1394 2205; x_wconf 71' lang='lat' dir='ltr'><strong>sasas</strong></span> <span class='ocrx_word' id='word_1_143' title='bbox 1421 2150 1454 2225; x_wconf 87' lang='lat' dir='ltr'><strong>p.</strong></span> <span class='ocrx_word' id='word_1_144' title='bbox 1478 2149 1526 2223; x_wconf 84' lang='lat'><strong>72</strong></span> <span class='ocrx_word' id='word_1_145' title='bbox 1546 2153 1629 2204; x_wconf 89' lang='lat' dir='ltr'><strong>cum</strong></span> <span class='ocrx_word' id='word_1_146' title='bbox 1654 2152 1907 2210; x_wconf 77' lang='lat' dir='ltr'><strong>annonantur</strong></span> <span class='ocrx_word' id='word_1_147' title='bbox 1932 2133 2145 2233; x_wconf 81' lang='lat' dir='ltr'><strong>inspicatur,</strong></span> <span class='ocrx_word' id='word_1_148' title='bbox 2183 2154 2274 2224; x_wconf 87' lang='lat' dir='ltr'><strong>ante</strong></span> 
     </span>
     <span class='ocr_line' id='line_1_15' title="bbox 418 2221 2276 2329; baseline 0.009 -30"><span class='ocrx_word' id='word_1_149' title='bbox 418 2221 730 2303; x_wconf 67' lang='lat' dir='ltr'><strong>nonsummum</strong></span> <span class='ocrx_word' id='word_1_150' title='bbox 744 2227 942 2322; x_wconf 87' lang='lat' dir='ltr'><strong>Magnum,</strong></span> <span class='ocrx_word' id='word_1_151' title='bbox 969 2228 1164 2304; x_wconf 88' lang='lat' dir='ltr'><strong>immoiam</strong></span> <span class='ocrx_word' id='word_1_152' title='bbox 1187 2226 1248 2304; x_wconf 91' lang='lat' dir='ltr'><strong>sub</strong></span> <span class='ocrx_word' id='word_1_153' title='bbox 1271 2247 1497 2304; x_wconf 80' lang='lat' dir='ltr'><strong>nurournrs</strong></span> <span class='ocrx_word' id='word_1_154' title='bbox 1512 2227 1680 2304; x_wconf 82' lang='lat' dir='ltr'><strong>claruisse.</strong></span> <span class='ocrx_word' id='word_1_155' title='bbox 1705 2229 1818 2304; x_wconf 84' lang='lat' dir='ltr'><strong>Addit</strong></span> <span class='ocrx_word' id='word_1_156' title='bbox 1833 2230 1995 2329; x_wconf 87' lang='lat' dir='ltr'><strong>insuper,</strong></span> <span class='ocrx_word' id='word_1_157' title='bbox 2019 2236 2165 2311; x_wconf 87' lang='lat' dir='ltr'><strong>disticha</strong></span> <span class='ocrx_word' id='word_1_158' title='bbox 2176 2225 2276 2316; x_wconf 74' lang='lat' dir='ltr'><strong>haec</strong></span> 
     </span>
    </p>
   </div>
   <div class='ocr_carea' id='block_1_7' title="bbox 244 2326 2337 2536">
    <p class='ocr_par' dir='ltr' id='par_1_8' title="bbox 244 2326 2337 2536">
     <span class='ocr_line' id='line_1_16' title="bbox 283 2326 2274 2424; baseline 0.008 -25"><span class='ocrx_word' id='word_1_159' title='bbox 283 2333 289 2345; x_wconf 80' lang='grc'><strong>“</strong></span> <span class='ocrx_word' id='word_1_160' title='bbox 330 2338 335 2358; x_wconf 85' lang='grc'><em>’</em></span> <span class='ocrx_word' id='word_1_161' title='bbox 415 2326 487 2399; x_wconf 89' lang='lat' dir='ltr'><strong>iam</strong></span> <span class='ocrx_word' id='word_1_162' title='bbox 507 2326 591 2399; x_wconf 89' lang='lat' dir='ltr'><strong>inde</strong></span> <span class='ocrx_word' id='word_1_163' title='bbox 606 2348 628 2424; x_wconf 85' lang='lat' dir='ltr'><strong>a</strong></span> <span class='ocrx_word' id='word_1_164' title='bbox 641 2327 862 2423; x_wconf 84' lang='lat' dir='ltr'><strong>temporibus</strong></span> <span class='ocrx_word' id='word_1_165' title='bbox 873 2348 1014 2401; x_wconf 80' lang='lat' dir='ltr'><strong>cauom</strong></span> <span class='ocrx_word' id='word_1_166' title='bbox 1031 2328 1081 2400; x_wconf 90' lang='lat' dir='ltr'><em>M</em></span> <span class='ocrx_word' id='word_1_167' title='bbox 1100 2347 1292 2423; x_wconf 90' lang='lat' dir='ltr'><strong>puerorum</strong></span> <span class='ocrx_word' id='word_1_168' title='bbox 1309 2328 1347 2401; x_wconf 96' lang='lat' dir='ltr'><strong>in</strong></span> <span class='ocrx_word' id='word_1_169' title='bbox 1361 2328 1526 2402; x_wconf 88' lang='lat' dir='ltr'><strong>manibus</strong></span> <span class='ocrx_word' id='word_1_170' title='bbox 1541 2326 1697 2412; x_wconf 77' lang='lat' dir='ltr'><strong>versata,</strong></span> <span class='ocrx_word' id='word_1_171' title='bbox 1724 2329 1910 2405; x_wconf 84' lang='lat' dir='ltr'><strong>&amp;idonea</strong></span> <span class='ocrx_word' id='word_1_172' title='bbox 1929 2331 2151 2411; x_wconf 85' lang='lat' dir='ltr'><strong>scholasticae</strong></span> <span class='ocrx_word' id='word_1_173' title='bbox 2174 2336 2274 2415; x_wconf 86' lang='lat' dir='ltr'><strong>iusti·</strong></span> 
     </span>
     <span class='ocr_line' id='line_1_17' title="bbox 244 2422 2337 2536; baseline 0.01 -43"><span class='ocrx_word' id='word_1_174' title='bbox 244 2486 245 2493; x_wconf 12' lang='grc' dir='ltr'><strong><em>Ν</em></strong></span> <span class='ocrx_word' id='word_1_175' title='bbox 391 2425 546 2524; x_wconf 36' lang='grc' dir='ltr'><strong>,ῑυῑίοηί</strong></span> <span class='ocrx_word' id='word_1_176' title='bbox 566 2422 665 2500; x_wconf 87' lang='lat' dir='ltr'><strong>suisse</strong></span> <span class='ocrx_word' id='word_1_177' title='bbox 686 2424 829 2510; x_wconf 89' lang='lat' dir='ltr'><strong>habita,</strong></span> <span class='ocrx_word' id='word_1_178' title='bbox 853 2427 1020 2523; x_wconf 86' lang='lat' dir='ltr'><strong>quamuis</strong></span> <span class='ocrx_word' id='word_1_179' title='bbox 1037 2425 1209 2536; x_wconf 76' lang='lat' dir='ltr'><strong>nonnulla</strong></span> <span class='ocrx_word' id='word_1_180' title='bbox 1233 2426 1374 2503; x_wconf 88' lang='lat' dir='ltr'><strong>illorum</strong></span> <span class='ocrx_word' id='word_1_181' title='bbox 1389 2448 1496 2520; x_wconf 84' lang='lat' dir='ltr'><strong>aegre</strong></span> <span class='ocrx_word' id='word_1_182' title='bbox 1512 2426 1707 2502; x_wconf 86' lang='lat' dir='ltr'><strong>admodum</strong></span> <span class='ocrx_word' id='word_1_183' title='bbox 1719 2450 1803 2504; x_wconf 91' lang='lat' dir='ltr'><strong>cum</strong></span> <span class='ocrx_word' id='word_1_184' title='bbox 1815 2429 2002 2508; x_wconf 87' lang='lat' dir='ltr'><strong>christiana</strong></span> <span class='ocrx_word' id='word_1_185' title='bbox 2015 2432 2174 2510; x_wconf 78' lang='lat' dir='ltr'><strong>dosirina</strong></span> <span class='ocrx_word' id='word_1_186' title='bbox 2184 2459 2272 2514; x_wconf 91' lang='lat' dir='ltr'><strong>con·</strong></span> <span class='ocrx_word' id='word_1_187' title='bbox 2318 2447 2337 2456; x_wconf 82' lang='grc'><strong>““</strong></span> 
     </span>
    </p>
   </div>
   <div class='ocr_carea' id='block_1_8' title="bbox 298 2522 2390 2920">
    <p class='ocr_par' dir='ltr' id='par_1_9' title="bbox 298 2522 2390 2920">
     <span class='ocr_line' id='line_1_18' title="bbox 415 2522 2390 2726; baseline 0.006 -27"><span class='ocrx_word' id='word_1_188' title='bbox 415 2522 746 2708; x_wconf 51' lang='lat' dir='ltr'><strong>elhanairosrssseilssa,</strong></span> <span class='ocrx_word' id='word_1_189' title='bbox 758 2522 835 2699; x_wconf 55' lang='lat' dir='ltr'><strong>pipp</strong></span> <span class='ocrx_word' id='word_1_190' title='bbox 840 2639 1124 2708; x_wconf 75' lang='lat' dir='ltr'><strong>animaruum,</strong></span> <span class='ocrx_word' id='word_1_191' title='bbox 1149 2620 1422 2719; x_wconf 83' lang='lat' dir='ltr'><strong>Bergomensrs,</strong></span> <span class='ocrx_word' id='word_1_192' title='bbox 1436 2623 1638 2698; x_wconf 82' lang='lat' dir='ltr'><strong>Monachus</strong></span> <span class='ocrx_word' id='word_1_193' title='bbox 1658 2622 1921 2712; x_wconf 87' lang='lat' dir='ltr'><strong>Cluniacensrs,</strong></span> <span class='ocrx_word' id='word_1_194' title='bbox 1939 2627 2042 2704; x_wconf 88' lang='lat' dir='ltr'><strong>Prior</strong></span> <span class='ocrx_word' id='word_1_195' title='bbox 2066 2632 2269 2710; x_wconf 84' lang='lat' dir='ltr'><strong>monasterii</strong></span> <span class='ocrx_word' id='word_1_196' title='bbox 2387 2715 2390 2726; x_wconf 27' lang='lat'><strong>⁴</strong></span> 
     </span>
     <span class='ocr_line' id='line_1_19' title="bbox 298 2722 2352 2828; baseline 0.002 -26"><span class='ocrx_word' id='word_1_197' title='bbox 298 2779 315 2790; x_wconf 76' lang='lat'>-</span> <span class='ocrx_word' id='word_1_198' title='bbox 414 2723 452 2801; x_wconf 88' lang='lat' dir='ltr'><strong>S.</strong></span> <span class='ocrx_word' id='word_1_199' title='bbox 467 2745 630 2799; x_wconf 73' lang='lat' dir='ltr'><strong>nunnius.</strong></span> <span class='ocrx_word' id='word_1_200' title='bbox 646 2722 929 2800; x_wconf 88' lang='lat' dir='ltr'><strong>deTrelsonibus</strong></span> <span class='ocrx_word' id='word_1_201' title='bbox 948 2723 995 2797; x_wconf 92' lang='lat' dir='ltr'><strong>de</strong></span> <span class='ocrx_word' id='word_1_202' title='bbox 1012 2722 1156 2809; x_wconf 88' lang='lat' dir='ltr'><strong>Padua,</strong></span> <span class='ocrx_word' id='word_1_203' title='bbox 1184 2729 1245 2818; x_wconf 91' lang='lat' dir='ltr'><strong>qui</strong></span> <span class='ocrx_word' id='word_1_204' title='bbox 1264 2746 1360 2795; x_wconf 88' lang='lat' dir='ltr'><strong>anno</strong></span> <span class='ocrx_word' id='word_1_205' title='bbox 1388 2746 1480 2816; x_wconf 83' lang='lat'><em>¹340</em></span> <span class='ocrx_word' id='word_1_206' title='bbox 1497 2723 1672 2807; x_wconf 89' lang='lat' dir='ltr'><strong>siorebat,</strong></span> <span class='ocrx_word' id='word_1_207' title='bbox 1703 2747 1795 2820; x_wconf 89' lang='lat' dir='ltr'><strong>opus</strong></span> <span class='ocrx_word' id='word_1_208' title='bbox 1810 2729 2078 2806; x_wconf 88' lang='lat' dir='ltr'><strong>commentariis</strong></span> <span class='ocrx_word' id='word_1_209' title='bbox 2104 2731 2271 2828; x_wconf 86' lang='lat' dir='ltr'><strong>amplilii·</strong></span> <span class='ocrx_word' id='word_1_210' title='bbox 2347 2757 2352 2762; x_wconf 91' lang='lat'>·</span> 
     </span>
     <span class='ocr_line' id='line_1_20' title="bbox 412 2820 2270 2920; baseline 0.003 -19"><span class='ocrx_word' id='word_1_211' title='bbox 412 2826 482 2901; x_wconf 87' lang='lat' dir='ltr'><strong>mis</strong></span> <span class='ocrx_word' id='word_1_212' title='bbox 495 2822 700 2909; x_wconf 84' lang='lat' dir='ltr'><strong>illustrauit,</strong></span> <span class='ocrx_word' id='word_1_213' title='bbox 718 2822 853 2910; x_wconf 83' lang='lat' dir='ltr'><strong>multa,</strong></span> <span class='ocrx_word' id='word_1_214' title='bbox 902 2834 1020 2900; x_wconf 83' lang='lat' dir='ltr'><strong>raeter</strong></span> <span class='ocrx_word' id='word_1_215' title='bbox 1030 2823 1143 2920; x_wconf 88' lang='lat' dir='ltr'><strong>pauca</strong></span> <span class='ocrx_word' id='word_1_216' title='bbox 1155 2822 1202 2896; x_wconf 87' lang='lat' dir='ltr'><strong>ad</strong></span> <span class='ocrx_word' id='word_1_217' title='bbox 1214 2821 1349 2896; x_wconf 88' lang='lat' dir='ltr'><strong>sensum</strong></span> <span class='ocrx_word' id='word_1_218' title='bbox 1366 2821 1594 2895; x_wconf 85' lang='lat' dir='ltr'><strong>distichorum</strong></span> <span class='ocrx_word' id='word_1_219' title='bbox 1607 2820 1849 2902; x_wconf 89' lang='lat' dir='ltr'><strong>euoluendum</strong></span> <span class='ocrx_word' id='word_1_220' title='bbox 1865 2825 1994 2903; x_wconf 87' lang='lat' dir='ltr'><strong>idonea</strong></span> <span class='ocrx_word' id='word_1_221' title='bbox 2005 2882 2015 2915; x_wconf 93' lang='lat'><strong>,</strong></span> <span class='ocrx_word' id='word_1_222' title='bbox 2026 2827 2170 2906; x_wconf 89' lang='lat' dir='ltr'><strong>inseruit</strong></span> <span class='ocrx_word' id='word_1_223' title='bbox 2182 2829 2270 2907; x_wconf 90' lang='lat' dir='ltr'><strong>alie·</strong></span> 
     </span>
    </p>
   </div>
   <div class='ocr_carea' id='block_1_9' title="bbox 411 2845 2269 3124">
    <p class='ocr_par' dir='ltr' id='par_1_10' title="bbox 411 2845 2269 3124">
     <span class='ocr_line' id='line_1_21' title="bbox 411 2845 2254 3021; baseline -0.003 -23"><span class='ocrx_word' id='word_1_224' title='bbox 411 2946 483 3009; x_wconf 89' lang='lat' dir='ltr'><strong>na,</strong></span> <span class='ocrx_word' id='word_1_225' title='bbox 518 2922 614 3000; x_wconf 84' lang='lat' dir='ltr'><strong>&amp;ad</strong></span> <span class='ocrx_word' id='word_1_226' title='bbox 626 2920 845 3021; x_wconf 77' lang='lat' dir='ltr'><strong>praedistum</strong></span> <span class='ocrx_word' id='word_1_227' title='bbox 866 2845 1011 3021; x_wconf 59' lang='lat' dir='ltr'><strong>ssopum</strong></span> <span class='ocrx_word' id='word_1_228' title='bbox 1029 2921 1139 3001; x_wconf 86' lang='lat' dir='ltr'><strong>nihil,</strong></span> <span class='ocrx_word' id='word_1_229' title='bbox 1165 2933 1228 2996; x_wconf 90' lang='lat' dir='ltr'><strong>aut</strong></span> <span class='ocrx_word' id='word_1_230' title='bbox 1246 2942 1372 3019; x_wconf 86' lang='lat' dir='ltr'><strong>parum</strong></span> <span class='ocrx_word' id='word_1_231' title='bbox 1390 2932 1488 2996; x_wconf 88' lang='lat' dir='ltr'><strong>certe</strong></span> <span class='ocrx_word' id='word_1_232' title='bbox 1507 2921 1757 2997; x_wconf 80' lang='lat' dir='ltr'><strong>conducentia.</strong></span> <span class='ocrx_word' id='word_1_233' title='bbox 2247 2985 2254 2992; x_wconf 89' lang='lat'>.</span> 
     </span>
     <span class='ocr_line' id='line_1_22' title="bbox 514 3018 2269 3124; baseline 0.004 -28"><span class='ocrx_word' id='word_1_234' title='bbox 514 3044 724 3098; x_wconf 80' lang='lat' dir='ltr'><strong>aururuevs</strong></span> <span class='ocrx_word' id='word_1_235' title='bbox 738 3022 838 3119; x_wconf 87' lang='lat' dir='ltr'><strong>operi</strong></span> <span class='ocrx_word' id='word_1_236' title='bbox 853 3020 1031 3118; x_wconf 80' lang='lat' dir='ltr'><strong>praemisit</strong></span> <span class='ocrx_word' id='word_1_237' title='bbox 1044 3020 1327 3118; x_wconf 86' lang='lat' dir='ltr'><strong>praefationem,</strong></span> <span class='ocrx_word' id='word_1_238' title='bbox 1362 3041 1455 3116; x_wconf 90' lang='lat' dir='ltr'><strong>qua,</strong></span> <span class='ocrx_word' id='word_1_239' title='bbox 1484 3020 1570 3095; x_wconf 89' lang='lat' dir='ltr'><strong>iilud</strong></span> <span class='ocrx_word' id='word_1_240' title='bbox 1582 3018 1722 3093; x_wconf 89' lang='lat' dir='ltr'><strong>duabus</strong></span> <span class='ocrx_word' id='word_1_241' title='bbox 1741 3021 1907 3097; x_wconf 84' lang='lat' dir='ltr'><strong>constare·</strong></span> <span class='ocrx_word' id='word_1_242' title='bbox 1920 3024 2101 3119; x_wconf 86' lang='lat' dir='ltr'><strong>partibus,</strong></span> <span class='ocrx_word' id='word_1_243' title='bbox 2139 3048 2269 3124; x_wconf 85' lang='lat' dir='ltr'><strong>prooe-</strong></span> 
     </span>
    </p>
   </div>
   <div class='ocr_carea' id='block_1_10' title="bbox 412 3117 2268 3319">
    <p class='ocr_par' dir='ltr' id='par_1_11' title="bbox 412 3117 2268 3319">
     <span class='ocr_line' id='line_1_23' title="bbox 413 3117 2267 3219; baseline 0.001 -20"><span class='ocrx_word' id='word_1_244' title='bbox 413 3121 511 3199; x_wconf 87' lang='lat' dir='ltr'><strong>miali</strong></span> <span class='ocrx_word' id='word_1_245' title='bbox 525 3120 678 3207; x_wconf 87' lang='lat' dir='ltr'><strong>scilicet,</strong></span> <span class='ocrx_word' id='word_1_246' title='bbox 705 3119 744 3198; x_wconf 85' lang='lat'>&amp;</span> <span class='ocrx_word' id='word_1_247' title='bbox 756 3117 931 3209; x_wconf 75' lang='lat' dir='ltr'><strong>uastata,</strong></span> <span class='ocrx_word' id='word_1_248' title='bbox 957 3118 1145 3196; x_wconf 87' lang='lat' dir='ltr'><strong>noscimus.</strong></span> <span class='ocrx_word' id='word_1_249' title='bbox 1200 3119 1428 3196; x_wconf 87' lang='lat' dir='ltr'><strong>Prooemium</strong></span> <span class='ocrx_word' id='word_1_250' title='bbox 1443 3119 1481 3193; x_wconf 92' lang='lat' dir='ltr'><strong>in</strong></span> <span class='ocrx_word' id='word_1_251' title='bbox 1496 3136 1650 3215; x_wconf 81' lang='lat' dir='ltr'><strong>quatuor·</strong></span> <span class='ocrx_word' id='word_1_252' title='bbox 1662 3118 1833 3195; x_wconf 90' lang='lat' dir='ltr'><strong>diuiditur</strong></span> <span class='ocrx_word' id='word_1_253' title='bbox 1850 3134 1993 3217; x_wconf 88' lang='lat' dir='ltr'><strong>partes,</strong></span> <span class='ocrx_word' id='word_1_254' title='bbox 2014 3123 2050 3196; x_wconf 93' lang='lat' dir='ltr'><strong>in</strong></span> <span class='ocrx_word' id='word_1_255' title='bbox 2064 3128 2267 3219; x_wconf 87' lang='lat' dir='ltr'><strong>prooemia·</strong></span> 
     </span>
     <span class='ocr_line' id='line_1_24' title="bbox 412 3215 2268 3319; baseline 0.001 -22"><span class='ocrx_word' id='word_1_256' title='bbox 412 3223 482 3298; x_wconf 87' lang='lat' dir='ltr'><strong>iem</strong></span> <span class='ocrx_word' id='word_1_257' title='bbox 497 3220 671 3319; x_wconf 86' lang='lat' dir='ltr'><strong>primam,</strong></span> <span class='ocrx_word' id='word_1_258' title='bbox 696 3218 910 3306; x_wconf 84' lang='lat' dir='ltr'><strong>secundam,</strong></span> <span class='ocrx_word' id='word_1_259' title='bbox 934 3220 1099 3305; x_wconf 88' lang='lat' dir='ltr'><strong>tertiam,</strong></span> <span class='ocrx_word' id='word_1_260' title='bbox 1115 3219 1153 3296; x_wconf 78' lang='lat' dir='ltr'><strong>lia</strong></span> <span class='ocrx_word' id='word_1_261' title='bbox 1169 3230 1358 3316; x_wconf 89' lang='lat' dir='ltr'><strong>quartam:</strong></span> <span class='ocrx_word' id='word_1_262' title='bbox 1378 3215 1646 3293; x_wconf 78' lang='lat' dir='ltr'><strong>trasiatusvero</strong></span> <span class='ocrx_word' id='word_1_263' title='bbox 1665 3217 1702 3291; x_wconf 92' lang='lat' dir='ltr'><strong>in</strong></span> <span class='ocrx_word' id='word_1_264' title='bbox 1714 3220 1814 3305; x_wconf 86' lang='lat' dir='ltr'><strong>duas,</strong></span> <span class='ocrx_word' id='word_1_265' title='bbox 1827 3219 1997 3295; x_wconf 90' lang='lat' dir='ltr'><strong>nimirum</strong></span> <span class='ocrx_word' id='word_1_266' title='bbox 2011 3220 2047 3295; x_wconf 91' lang='lat' dir='ltr'><strong>in</strong></span> <span class='ocrx_word' id='word_1_267' title='bbox 2060 3219 2268 3318; x_wconf 85' lang='lat' dir='ltr'><strong>prosaicam,</strong></span> 
     </span>
    </p>
   </div>
   <div class='ocr_carea' id='block_1_11' title="bbox 267 3316 2269 3419">
    <p class='ocr_par' dir='ltr' id='par_1_12' title="bbox 267 3316 2269 3419">
     <span class='ocr_line' id='line_1_25' title="bbox 267 3316 2269 3419; baseline -0.001 -18"><span class='ocrx_word' id='word_1_268' title='bbox 267 3355 290 3376; x_wconf 84' lang='lat'><strong>·-</strong></span> <span class='ocrx_word' id='word_1_269' title='bbox 414 3323 451 3400; x_wconf 74' lang='lat' dir='ltr'><strong>dt</strong></span> <span class='ocrx_word' id='word_1_270' title='bbox 466 3319 664 3398; x_wconf 87' lang='lat' dir='ltr'><strong>metricam.</strong></span> <span class='ocrx_word' id='word_1_271' title='bbox 713 3317 875 3396; x_wconf 87' lang='lat' dir='ltr'><strong>Prosaica</strong></span> <span class='ocrx_word' id='word_1_272' title='bbox 888 3320 1019 3399; x_wconf 86' lang='lat' dir='ltr'><strong>iterum</strong></span> <span class='ocrx_word' id='word_1_273' title='bbox 1032 3319 1203 3394; x_wconf 87' lang='lat' dir='ltr'><strong>diuiditur</strong></span> <span class='ocrx_word' id='word_1_274' title='bbox 1227 3318 1266 3392; x_wconf 91' lang='lat' dir='ltr'><strong>in</strong></span> <span class='ocrx_word' id='word_1_275' title='bbox 1282 3331 1473 3419; x_wconf 86' lang='lat' dir='ltr'><strong>praecepta</strong></span> <span class='ocrx_word' id='word_1_276' title='bbox 1494 3339 1645 3392; x_wconf 89' lang='lat' dir='ltr'><strong>numero</strong></span> <span class='ocrx_word' id='word_1_277' title='bbox 1660 3316 1741 3394; x_wconf 86' lang='lat' dir='ltr'><strong>LVI</strong></span> <span class='ocrx_word' id='word_1_278' title='bbox 1749 3339 1758 3391; x_wconf 92' lang='lat'><strong>:</strong></span> <span class='ocrx_word' id='word_1_279' title='bbox 1785 3318 1934 3394; x_wconf 89' lang='lat' dir='ltr'><strong>metrica</strong></span> <span class='ocrx_word' id='word_1_280' title='bbox 1957 3320 1993 3393; x_wconf 93' lang='lat' dir='ltr'><strong>in</strong></span> <span class='ocrx_word' id='word_1_281' title='bbox 2009 3329 2165 3415; x_wconf 71' lang='lat' dir='ltr'><strong>quatuor</strong></span> <span class='ocrx_word' id='word_1_282' title='bbox 2186 3345 2269 3418; x_wconf 86' lang='lat' dir='ltr'><strong>par·</strong></span> 
     </span>
    </p>
   </div>
   <div class='ocr_carea' id='block_1_12' title="bbox 362 3415 2323 4228">
    <p class='ocr_par' dir='ltr' id='par_1_13' title="bbox 362 3415 2323 4228">
     <span class='ocr_line' id='line_1_26' title="bbox 413 3415 2267 3531; baseline 0.001 -34"><span class='ocrx_word' id='word_1_283' title='bbox 413 3437 479 3497; x_wconf 75' lang='lat' dir='ltr'><strong>tea.</strong></span> <span class='ocrx_word' id='word_1_284' title='bbox 520 3418 784 3495; x_wconf 87' lang='lat' dir='ltr'><strong>Praefationem</strong></span> <span class='ocrx_word' id='word_1_285' title='bbox 797 3420 930 3517; x_wconf 87' lang='lat' dir='ltr'><strong>excipit</strong></span> <span class='ocrx_word' id='word_1_286' title='bbox 940 3419 1049 3493; x_wconf 81' lang='lat' dir='ltr'><strong>index</strong></span> <span class='ocrx_word' id='word_1_287' title='bbox 1063 3417 1286 3515; x_wconf 81' lang='lat' dir='ltr'><strong>alphabetico</strong></span> <span class='ocrx_word' id='word_1_288' title='bbox 1298 3416 1425 3491; x_wconf 90' lang='lat' dir='ltr'><strong>ordine</strong></span> <span class='ocrx_word' id='word_1_289' title='bbox 1440 3415 1644 3513; x_wconf 79' lang='lat' dir='ltr'><strong>dispositus,</strong></span> <span class='ocrx_word' id='word_1_290' title='bbox 1669 3416 1892 3531; x_wconf 54' lang='lat' dir='ltr'><strong>quisosiojn</strong></span> <span class='ocrx_word' id='word_1_291' title='bbox 1907 3421 2132 3498; x_wconf 79' lang='lat' dir='ltr'><strong>terminatur,</strong></span> <span class='ocrx_word' id='word_1_292' title='bbox 2164 3421 2193 3496; x_wconf 88' lang='lat' dir='ltr'>F</span> <span class='ocrx_word' id='word_1_293' title='bbox 2193 3423 2267 3500; x_wconf 91' lang='lat' dir='ltr'><strong>olio</strong></span> 
     </span>
     <span class='ocr_line' id='line_1_27' title="bbox 417 3515 2265 3632; baseline -0.001 -38"><span class='ocrx_word' id='word_1_294' title='bbox 417 3544 461 3616; x_wconf 80' lang='lat'><strong>57</strong></span> <span class='ocrx_word' id='word_1_295' title='bbox 479 3518 603 3618; x_wconf 90' lang='lat' dir='ltr'><strong>incipit</strong></span> <span class='ocrx_word' id='word_1_296' title='bbox 613 3518 718 3593; x_wconf 91' lang='lat' dir='ltr'><strong>huius</strong></span> <span class='ocrx_word' id='word_1_297' title='bbox 729 3520 848 3617; x_wconf 89' lang='lat' dir='ltr'><strong>operis</strong></span> <span class='ocrx_word' id='word_1_298' title='bbox 859 3518 1075 3594; x_wconf 86' lang='lat' dir='ltr'><strong>dedicatoria</strong></span> <span class='ocrx_word' id='word_1_299' title='bbox 1090 3516 1234 3615; x_wconf 88' lang='lat' dir='ltr'><strong>epistola</strong></span> <span class='ocrx_word' id='word_1_300' title='bbox 1247 3516 1294 3590; x_wconf 89' lang='lat' dir='ltr'><strong>ad</strong></span> <span class='ocrx_word' id='word_1_301' title='bbox 1307 3515 1465 3629; x_wconf 73' lang='lat' dir='ltr'><strong>Ioannem</strong></span> <span class='ocrx_word' id='word_1_302' title='bbox 1482 3536 1726 3623; x_wconf 80' lang='lat' dir='ltr'><strong>nauanmvm</strong></span> <span class='ocrx_word' id='word_1_303' title='bbox 1740 3516 1920 3630; x_wconf 80' lang='lat' dir='ltr'><strong>Comitem</strong></span> <span class='ocrx_word' id='word_1_304' title='bbox 1937 3518 2240 3632; x_wconf 83' lang='lat' dir='ltr'><strong>Mediolanensem</strong></span> <span class='ocrx_word' id='word_1_305' title='bbox 2254 3578 2265 3609; x_wconf 83' lang='grc'><em>,</em></span> 
     </span>
     <span class='ocr_line' id='line_1_28' title="bbox 412 3613 2266 3729; baseline 0.001 -35"><span class='ocrx_word' id='word_1_306' title='bbox 412 3617 568 3703; x_wconf 76' lang='lat' dir='ltr'><strong>disesia,</strong></span> <span class='ocrx_word' id='word_1_307' title='bbox 593 3618 632 3693; x_wconf 90' lang='lat' dir='ltr'><strong>in</strong></span> <span class='ocrx_word' id='word_1_308' title='bbox 645 3618 747 3693; x_wconf 90' lang='lat' dir='ltr'><strong>cuius</strong></span> <span class='ocrx_word' id='word_1_309' title='bbox 760 3630 933 3693; x_wconf 87' lang='lat' dir='ltr'><strong>contextu</strong></span> <span class='ocrx_word' id='word_1_310' title='bbox 947 3616 1068 3693; x_wconf 79' lang='lat' dir='ltr'><strong>annor</strong></span> <span class='ocrx_word' id='word_1_311' title='bbox 1085 3613 1186 3693; x_wconf 91' lang='lat' dir='ltr'><strong>snum</strong></span> <span class='ocrx_word' id='word_1_312' title='bbox 1199 3637 1331 3690; x_wconf 88' lang='lat' dir='ltr'><strong>nornen</strong></span> <span class='ocrx_word' id='word_1_313' title='bbox 1348 3613 1559 3729; x_wconf 63' lang='lat' dir='ltr'><strong>manufestap.</strong></span> <span class='ocrx_word' id='word_1_314' title='bbox 1622 3613 1727 3728; x_wconf 79' lang='lat' dir='ltr'><strong>istam</strong></span> <span class='ocrx_word' id='word_1_315' title='bbox 1739 3614 1826 3690; x_wconf 81' lang='lat' dir='ltr'><strong>sono</strong></span> <span class='ocrx_word' id='word_1_316' title='bbox 1844 3638 1886 3711; x_wconf 83' lang='lat'><strong>59</strong></span> <span class='ocrx_word' id='word_1_317' title='bbox 1910 3614 2131 3706; x_wconf 88' lang='lat' dir='ltr'><strong>absolutam,</strong></span> <span class='ocrx_word' id='word_1_318' title='bbox 2170 3619 2266 3696; x_wconf 77' lang='lat' dir='ltr'><strong>inea</strong></span> 
     </span>
     <span class='ocr_line' id='line_1_29' title="bbox 414 3711 2267 3832; baseline 0.003 -42"><span class='ocrx_word' id='word_1_319' title='bbox 414 3717 641 3832; x_wconf 21' lang='lat' dir='ltr'><strong>33nse0quitur</strong></span> <span class='ocrx_word' id='word_1_320' title='bbox 658 3737 827 3793; x_wconf 77' lang='lat' dir='ltr'><strong>canorus</strong></span> <span class='ocrx_word' id='word_1_321' title='bbox 839 3714 1069 3831; x_wconf 83' lang='lat' dir='ltr'><strong>Prooemium</strong></span> <span class='ocrx_word' id='word_1_322' title='bbox 1083 3716 1130 3794; x_wconf 85' lang='lat' dir='ltr'><strong>ad</strong></span> <span class='ocrx_word' id='word_1_323' title='bbox 1142 3716 1278 3828; x_wconf 82' lang='lat' dir='ltr'><strong>silium:</strong></span> <span class='ocrx_word' id='word_1_324' title='bbox 1307 3714 1413 3788; x_wconf 86' lang='lat' dir='ltr'><strong>Nunc</strong></span> <span class='ocrx_word' id='word_1_325' title='bbox 1441 3724 1471 3786; x_wconf 82' lang='lat' dir='ltr'><strong>te</strong></span> <span class='ocrx_word' id='word_1_326' title='bbox 1517 3714 1542 3785; x_wconf 83' lang='lat' dir='ltr'><strong>li</strong></span> <span class='ocrx_word' id='word_1_327' title='bbox 1563 3713 1719 3827; x_wconf 68' lang='lat' dir='ltr'><strong>eorrfflme</strong></span> <span class='ocrx_word' id='word_1_328' title='bbox 1735 3711 1855 3829; x_wconf 67' lang='lat' dir='ltr'><strong>docfbo</strong></span> <span class='ocrx_word' id='word_1_329' title='bbox 1875 3738 1939 3809; x_wconf 84' lang='lat' dir='ltr'><strong>quo</strong></span> <span class='ocrx_word' id='word_1_330' title='bbox 1958 3714 2057 3831; x_wconf 78' lang='lat' dir='ltr'><strong>pollp</strong></span> <span class='ocrx_word' id='word_1_331' title='bbox 2082 3742 2189 3792; x_wconf 81' lang='lat' dir='ltr'><strong>mores</strong></span> <span class='ocrx_word' id='word_1_332' title='bbox 2212 3723 2267 3795; x_wconf 75' lang='lat' dir='ltr'><strong>ui</strong></span> 
     </span>
     <span class='ocr_line' id='line_1_30' title="bbox 362 3810 2265 4013; baseline 0.001 -21"><span class='ocrx_word' id='word_1_333' title='bbox 362 3955 364 3960; x_wconf 76' lang='lat'><em>.</em></span> <span class='ocrx_word' id='word_1_334' title='bbox 413 3814 977 4013; x_wconf 58' lang='lat' dir='ltr'><strong>illisissaiiiiii‘iiii</strong></span> <span class='ocrx_word' id='word_1_335' title='bbox 991 3810 2265 4011; x_wconf 54' lang='lat' dir='ltr'><strong>iustissimis„f⁰i¹ti⁰nasiass2sn⁸ss2is</strong></span> 
     </span>
     <span class='ocr_line' id='line_1_31' title="bbox 412 4008 2323 4125; baseline 0.001 -36"><span class='ocrx_word' id='word_1_336' title='bbox 412 4009 692 4091; x_wconf 78' lang='lat' dir='ltr'><strong>tesuntadiesii.</strong></span> <span class='ocrx_word' id='word_1_337' title='bbox 732 4011 833 4090; x_wconf 87' lang='lat' dir='ltr'><strong>Folio</strong></span> <span class='ocrx_word' id='word_1_338' title='bbox 850 4032 921 4110; x_wconf 81' lang='lat'><strong>239</strong></span> <span class='ocrx_word' id='word_1_339' title='bbox 946 4012 1165 4113; x_wconf 85' lang='lat' dir='ltr'><strong>Incipitparr</strong></span> <span class='ocrx_word' id='word_1_340' title='bbox 1175 4014 1290 4111; x_wconf 76' lang='lat' dir='ltr'><strong>prim</strong></span> <span class='ocrx_word' id='word_1_341' title='bbox 1304 4012 1505 4085; x_wconf 71' lang='lat' dir='ltr'><strong>matricolis:</strong></span> <span class='ocrx_word' id='word_1_342' title='bbox 1530 4008 1572 4125; x_wconf 62' lang='lat' dir='ltr'><strong>,si</strong></span> <span class='ocrx_word' id='word_1_343' title='bbox 1584 4009 1664 4084; x_wconf 87' lang='lat' dir='ltr'><strong>deur</strong></span> <span class='ocrx_word' id='word_1_344' title='bbox 1679 4012 1867 4124; x_wconf 68' lang='lat' dir='ltr'><strong>apuniana</strong></span> <span class='ocrx_word' id='word_1_345' title='bbox 1879 4009 2023 4086; x_wconf 78' lang='lat' dir='ltr'><strong>ornabis</strong></span> <span class='ocrx_word' id='word_1_346' title='bbox 2036 4018 2187 4090; x_wconf 78' lang='lat' dir='ltr'><strong>carmina</strong></span> <span class='ocrx_word' id='word_1_347' title='bbox 2209 4017 2265 4091; x_wconf 81' lang='lat' dir='ltr'><strong>di·</strong></span> <span class='ocrx_word' id='word_1_348' title='bbox 2318 4033 2323 4038; x_wconf 82' lang='lat'>&#39;</span> 
     </span>
     <span class='ocr_line' id='line_1_32' title="bbox 412 4108 2265 4228; baseline 0 -38"><span class='ocrx_word' id='word_1_349' title='bbox 412 4126 500 4190; x_wconf 79' lang='lat' dir='ltr'><strong>cunr.</strong></span> <span class='ocrx_word' id='word_1_350' title='bbox 521 4111 589 4188; x_wconf 80' lang='lat' dir='ltr'><strong>ssu</strong></span> <span class='ocrx_word' id='word_1_351' title='bbox 600 4109 665 4187; x_wconf 83' lang='lat' dir='ltr'><strong>tibi</strong></span> <span class='ocrx_word' id='word_1_352' title='bbox 672 4114 827 4211; x_wconf 83' lang='lat' dir='ltr'><strong>precipue</strong></span> <span class='ocrx_word' id='word_1_353' title='bbox 830 4114 883 4228; x_wconf 65' lang='lat' dir='ltr'><strong>fir</strong></span> <span class='ocrx_word' id='word_1_354' title='bbox 886 4137 977 4212; x_wconf 83' lang='lat' dir='ltr'><strong>pura</strong></span> <span class='ocrx_word' id='word_1_355' title='bbox 989 4123 1093 4188; x_wconf 82' lang='lat' dir='ltr'><strong>urente</strong></span> <span class='ocrx_word' id='word_1_356' title='bbox 1108 4109 1272 4186; x_wconf 78' lang='lat' dir='ltr'><strong>colendus,</strong></span> <span class='ocrx_word' id='word_1_357' title='bbox 1311 4111 1352 4184; x_wconf 91' lang='lat' dir='ltr'><strong>ln</strong></span> <span class='ocrx_word' id='word_1_358' title='bbox 1367 4108 1440 4184; x_wconf 87' lang='lat' dir='ltr'><strong>sine</strong></span> <span class='ocrx_word' id='word_1_359' title='bbox 1455 4131 1574 4206; x_wconf 81' lang='lat' dir='ltr'><strong>operis</strong></span> <span class='ocrx_word' id='word_1_360' title='bbox 1595 4108 1775 4206; x_wconf 81' lang='lat' dir='ltr'><strong>sequentia</strong></span> <span class='ocrx_word' id='word_1_361' title='bbox 1790 4109 1981 4206; x_wconf 83' lang='lat' dir='ltr'><strong>leguntur:</strong></span> <span class='ocrx_word' id='word_1_362' title='bbox 2007 4109 2060 4187; x_wconf 77' lang='lat' dir='ltr'><strong>oi</strong></span> <span class='ocrx_word' id='word_1_363' title='bbox 2070 4116 2179 4211; x_wconf 83' lang='lat' dir='ltr'><strong>prime</strong></span> <span class='ocrx_word' id='word_1_364' title='bbox 2192 4141 2265 4190; x_wconf 85' lang='lat' dir='ltr'><strong>om·</strong></span> 
     </span>
    </p>
   </div>
   <div class='ocr_carea' id='block_1_13' title="bbox 248 4199 2333 4315">
    <p class='ocr_par' dir='ltr' id='par_1_14' title="bbox 248 4199 2333 4315">
     <span class='ocr_line' id='line_1_33' title="bbox 248 4199 2333 4315; baseline 0 -25"><span class='ocrx_word' id='word_1_365' title='bbox 248 4199 257 4214; x_wconf 49' lang='lat'>⁸</span> <span class='ocrx_word' id='word_1_366' title='bbox 395 4206 737 4310; x_wconf 75' lang='lat' dir='ltr'><strong>‘niumrerumcousr</strong></span> <span class='ocrx_word' id='word_1_367' title='bbox 772 4234 915 4286; x_wconf 75' lang='lat' dir='ltr'><strong>aeconio.</strong></span> <span class='ocrx_word' id='word_1_368' title='bbox 950 4210 1191 4308; x_wconf 80' lang='lat' dir='ltr'><strong>militantisque</strong></span> <span class='ocrx_word' id='word_1_369' title='bbox 1210 4210 1331 4309; x_wconf 69' lang='lat' dir='ltr'><strong>eccuste</strong></span> <span class='ocrx_word' id='word_1_370' title='bbox 1355 4210 1570 4285; x_wconf 83' lang='lat' dir='ltr'><strong>eruditionem</strong></span> <span class='ocrx_word' id='word_1_371' title='bbox 1589 4206 1751 4283; x_wconf 78' lang='lat' dir='ltr'><strong>Gallionis</strong></span> <span class='ocrx_word' id='word_1_372' title='bbox 1763 4210 1881 4307; x_wconf 84' lang='lat' dir='ltr'><strong>magni</strong></span> <span class='ocrx_word' id='word_1_373' title='bbox 1902 4210 2048 4287; x_wconf 65' lang='lat' dir='ltr'><strong>oudmir</strong></span> <span class='ocrx_word' id='word_1_374' title='bbox 2061 4215 2265 4315; x_wconf 83' lang='lat' dir='ltr'><strong>moralifflmi</strong></span> <span class='ocrx_word' id='word_1_375' title='bbox 2318 4235 2333 4254; x_wconf 56' lang='lat'>⁸</span> 
     </span>
    </p>
   </div>
   <div class='ocr_carea' id='block_1_14' title="bbox 261 4306 2321 5305">
    <p class='ocr_par' dir='ltr' id='par_1_15' title="bbox 261 4306 2276 4624">
     <span class='ocr_line' id='line_1_34' title="bbox 412 4306 2266 4415; baseline 0 -28"><span class='ocrx_word' id='word_1_376' title='bbox 412 4314 518 4387; x_wconf 82' lang='lat' dir='ltr'><strong>ethica</strong></span> <span class='ocrx_word' id='word_1_377' title='bbox 539 4313 722 4411; x_wconf 62' lang='lat' dir='ltr'><strong>pragam</strong></span> <span class='ocrx_word' id='word_1_378' title='bbox 756 4334 811 4385; x_wconf 84' lang='lat' dir='ltr'><strong>ma</strong></span> <span class='ocrx_word' id='word_1_379' title='bbox 824 4310 1005 4407; x_wconf 78' lang='lat' dir='ltr'><strong>torquendo</strong></span> <span class='ocrx_word' id='word_1_380' title='bbox 1018 4309 1169 4411; x_wconf 78' lang='lat' dir='ltr'><strong>Auguste</strong></span> <span class='ocrx_word' id='word_1_381' title='bbox 1183 4311 1342 4410; x_wconf 73' lang='lat' dir='ltr'><strong>impostis.</strong></span> <span class='ocrx_word' id='word_1_382' title='bbox 1368 4306 1413 4381; x_wconf 83' lang='lat' dir='ltr'><strong>Ia</strong></span> <span class='ocrx_word' id='word_1_383' title='bbox 1427 4332 1494 4405; x_wconf 83' lang='lat' dir='ltr'><strong>qua</strong></span> <span class='ocrx_word' id='word_1_384' title='bbox 1510 4308 1722 4404; x_wconf 81' lang='lat' dir='ltr'><strong>facultatum</strong></span> <span class='ocrx_word' id='word_1_385' title='bbox 1734 4309 1885 4407; x_wconf 79' lang='lat' dir='ltr'><strong>plurium</strong></span> <span class='ocrx_word' id='word_1_386' title='bbox 1909 4333 2004 4407; x_wconf 82' lang='lat' dir='ltr'><strong>gaza</strong></span> <span class='ocrx_word' id='word_1_387' title='bbox 2026 4311 2266 4415; x_wconf 80' lang='lat' dir='ltr'><strong>reconditaesl</strong></span> 
     </span>
     <span class='ocr_line' id='line_1_35' title="bbox 411 4406 2264 4509; baseline -0.002 -23"><span class='ocrx_word' id='word_1_388' title='bbox 411 4409 588 4486; x_wconf 85' lang='lat' dir='ltr'><strong>uberrimo.</strong></span> <span class='ocrx_word' id='word_1_389' title='bbox 611 4408 673 4484; x_wconf 83' lang='lat' dir='ltr'><strong>Eu</strong></span> <span class='ocrx_word' id='word_1_390' title='bbox 686 4410 932 4509; x_wconf 80' lang='lat' dir='ltr'><strong>quafipuidem</strong></span> <span class='ocrx_word' id='word_1_391' title='bbox 946 4406 1098 4509; x_wconf 86' lang='lat' dir='ltr'><strong>quisquis</strong></span> <span class='ocrx_word' id='word_1_392' title='bbox 1114 4407 1260 4508; x_wconf 81' lang='lat' dir='ltr'><strong>opusculi</strong></span> <span class='ocrx_word' id='word_1_393' title='bbox 1281 4406 1447 4507; x_wconf 81' lang='lat' dir='ltr'><strong>presentis</strong></span> <span class='ocrx_word' id='word_1_394' title='bbox 1468 4406 1763 4491; x_wconf 77' lang='lat' dir='ltr'><strong>sellaruireutius,</strong></span> <span class='ocrx_word' id='word_1_395' title='bbox 1788 4431 1961 4505; x_wconf 81' lang='lat' dir='ltr'><strong>excerpere</strong></span> <span class='ocrx_word' id='word_1_396' title='bbox 1973 4406 2161 4507; x_wconf 82' lang='lat' dir='ltr'><strong>ampliffime</strong></span> <span class='ocrx_word' id='word_1_397' title='bbox 2175 4414 2264 4506; x_wconf 80' lang='lat' dir='ltr'><strong>fru-</strong></span> 
     </span>
     <span class='ocr_line' id='line_1_36' title="bbox 261 4504 2276 4624; baseline 0 -39"><span class='ocrx_word' id='word_1_398' title='bbox 261 4562 286 4610; x_wconf 66' lang='lat'><strong>„·</strong></span> <span class='ocrx_word' id='word_1_399' title='bbox 412 4508 620 4608; x_wconf 70' lang='lat' dir='ltr'><strong>ispicorianis</strong></span> <span class='ocrx_word' id='word_1_400' title='bbox 631 4508 794 4604; x_wconf 82' lang='lat' dir='ltr'><strong>palmites·</strong></span> <span class='ocrx_word' id='word_1_401' title='bbox 821 4507 943 4583; x_wconf 77' lang='lat' dir='ltr'><strong>aleris!</strong></span> <span class='ocrx_word' id='word_1_402' title='bbox 961 4507 1088 4606; x_wconf 83' lang='lat' dir='ltr'><strong>summi</strong></span> <span class='ocrx_word' id='word_1_403' title='bbox 1110 4509 1363 4582; x_wconf 75' lang='lat' dir='ltr'><strong>aeimmorlalrr</strong></span> <span class='ocrx_word' id='word_1_404' title='bbox 1391 4507 1519 4605; x_wconf 73' lang='lat' dir='ltr'><strong>opificis</strong></span> <span class='ocrx_word' id='word_1_405' title='bbox 1538 4531 1600 4605; x_wconf 82' lang='lat' dir='ltr'><strong>pre</strong></span> <span class='ocrx_word' id='word_1_406' title='bbox 1623 4506 1679 4579; x_wconf 87' lang='lat' dir='ltr'><strong>dio</strong></span> <span class='ocrx_word' id='word_1_407' title='bbox 1686 4507 1771 4607; x_wconf 78' lang='lat' dir='ltr'><strong>finit</strong></span> <span class='ocrx_word' id='word_1_408' title='bbox 1771 4505 1917 4624; x_wconf 73' lang='lat' dir='ltr'><strong>felicius</strong></span> <span class='ocrx_word' id='word_1_409' title='bbox 1934 4504 2185 4584; x_wconf 78' lang='lat' dir='ltr'><strong>incarnationis</strong></span> <span class='ocrx_word' id='word_1_410' title='bbox 2205 4510 2276 4602; x_wconf 59' lang='lat' dir='ltr'><strong>soe</strong></span> 
     </span>
    </p>

    <p class='ocr_par' dir='ltr' id='par_1_16' title="bbox 402 4533 2262 4810">
     <span class='ocr_line' id='line_1_37' title="bbox 411 4533 2262 4708; baseline 0.002 -25"><span class='ocrx_word' id='word_1_411' title='bbox 411 4607 586 4683; x_wconf 76' lang='lat' dir='ltr'><strong>liberrime</strong></span> <span class='ocrx_word' id='word_1_412' title='bbox 605 4630 693 4680; x_wconf 85' lang='lat' dir='ltr'><strong>auno</strong></span> <span class='ocrx_word' id='word_1_413' title='bbox 708 4605 764 4681; x_wconf 87' lang='lat' dir='ltr'><strong>M.</strong></span> <span class='ocrx_word' id='word_1_414' title='bbox 782 4533 921 4683; x_wconf 69' lang='grc'><em>0000.</em></span> <span class='ocrx_word' id='word_1_415' title='bbox 933 4605 1110 4683; x_wconf 85' lang='lat' dir='ltr'><em>LXXV!</em></span> <span class='ocrx_word' id='word_1_416' title='bbox 1121 4606 1171 4681; x_wconf 85' lang='lat' dir='ltr'><strong>die</strong></span> <span class='ocrx_word' id='word_1_417' title='bbox 1183 4607 1410 4708; x_wconf 78' lang='lat' dir='ltr'><strong>crastinofejii</strong></span> <span class='ocrx_word' id='word_1_418' title='bbox 1423 4608 1567 4679; x_wconf 74' lang='lat' dir='ltr'><strong>clunium</strong></span> <span class='ocrx_word' id='word_1_419' title='bbox 1593 4603 1772 4680; x_wconf 68' lang='lat' dir='ltr'><strong>nudorum.</strong></span> <span class='ocrx_word' id='word_1_420' title='bbox 1803 4606 1872 4679; x_wconf 85' lang='lat' dir='ltr'><strong>His</strong></span> <span class='ocrx_word' id='word_1_421' title='bbox 1886 4603 2130 4682; x_wconf 79' lang='lat' dir='ltr'><strong>subiuulium:</strong></span> <span class='ocrx_word' id='word_1_422' title='bbox 2162 4606 2262 4686; x_wconf 87' lang='lat' dir='ltr'><strong>Laus</strong></span> 
     </span>
     <span class='ocr_line' id='line_1_38' title="bbox 402 4702 1949 4810; baseline -0.003 -27"><span class='ocrx_word' id='word_1_423' title='bbox 402 4707 558 4810; x_wconf 77' lang='lat' dir='ltr'><strong>supremo</strong></span> <span class='ocrx_word' id='word_1_424' title='bbox 575 4705 701 4805; x_wconf 78' lang='lat' dir='ltr'><strong>artr&#39;fici</strong></span> <span class='ocrx_word' id='word_1_425' title='bbox 711 4704 869 4779; x_wconf 86' lang='lat' dir='ltr'><strong>mundum</strong></span> <span class='ocrx_word' id='word_1_426' title='bbox 892 4704 1022 4805; x_wconf 82' lang='lat' dir='ltr'><strong>pugillo</strong></span> <span class='ocrx_word' id='word_1_427' title='bbox 1034 4708 1216 4782; x_wconf 82' lang='lat' dir='ltr'><strong>continenti</strong></span> <span class='ocrx_word' id='word_1_428' title='bbox 1228 4703 1355 4805; x_wconf 84' lang='lat' dir='ltr'><strong>eiusque</strong></span> <span class='ocrx_word' id='word_1_429' title='bbox 1366 4702 1514 4802; x_wconf 80' lang='lat' dir='ltr'><strong>gloriose,</strong></span> <span class='ocrx_word' id='word_1_430' title='bbox 1529 4729 1569 4778; x_wconf 89' lang='lat' dir='ltr'><strong>oc</strong></span> <span class='ocrx_word' id='word_1_431' title='bbox 1583 4706 1773 4778; x_wconf 81' lang='lat' dir='ltr'><strong>intemerate</strong></span> <span class='ocrx_word' id='word_1_432' title='bbox 1783 4705 1949 4801; x_wconf 70' lang='lat' dir='ltr'><strong>genitrici,</strong></span> 
     </span>
    </p>

    <p class='ocr_par' dir='ltr' id='par_1_17' title="bbox 410 4801 2321 5305">
     <span class='ocr_line' id='line_1_39' title="bbox 510 4801 2265 4905; baseline 0.001 -22"><span class='ocrx_word' id='word_1_433' title='bbox 510 4807 635 4905; x_wconf 84' lang='lat' dir='ltr'><strong>Typus</strong></span> <span class='ocrx_word' id='word_1_434' title='bbox 650 4803 701 4880; x_wconf 87' lang='lat' dir='ltr'><strong>est</strong></span> <span class='ocrx_word' id='word_1_435' title='bbox 714 4803 820 4902; x_wconf 84' lang='lat' dir='ltr'><strong>plane</strong></span> <span class='ocrx_word' id='word_1_436' title='bbox 832 4804 939 4890; x_wconf 85' lang='lat' dir='ltr'><strong>idem,</strong></span> <span class='ocrx_word' id='word_1_437' title='bbox 962 4826 1036 4904; x_wconf 88' lang='lat' dir='ltr'><strong>quo</strong></span> <span class='ocrx_word' id='word_1_438' title='bbox 1051 4825 1271 4882; x_wconf 76' lang='lat' dir='ltr'><strong>vincenam</strong></span> <span class='ocrx_word' id='word_1_439' title='bbox 1287 4801 1550 4880; x_wconf 77' lang='lat' dir='ltr'><strong>Bellouacensrs</strong></span> <span class='ocrx_word' id='word_1_440' title='bbox 1560 4804 1758 4899; x_wconf 82' lang='lat' dir='ltr'><strong>Speculum</strong></span> <span class='ocrx_word' id='word_1_441' title='bbox 1767 4801 1941 4878; x_wconf 90' lang='lat' dir='ltr'><strong>historiale</strong></span> <span class='ocrx_word' id='word_1_442' title='bbox 1955 4804 1993 4878; x_wconf 92' lang='lat' dir='ltr'><strong>in</strong></span> <span class='ocrx_word' id='word_1_443' title='bbox 2006 4802 2125 4880; x_wconf 72' lang='lat' dir='ltr'><strong>nosne</strong></span> <span class='ocrx_word' id='word_1_444' title='bbox 2137 4825 2265 4884; x_wconf 87' lang='lat' dir='ltr'><strong>mona·</strong></span> 
     </span>
     <span class='ocr_line' id='line_1_40' title="bbox 412 4900 2321 5002; baseline -0.001 -19"><span class='ocrx_word' id='word_1_445' title='bbox 412 4907 747 5002; x_wconf 76' lang='lat' dir='ltr'><strong>sierioanu01474</strong></span> <span class='ocrx_word' id='word_1_446' title='bbox 772 4901 974 5001; x_wconf 90' lang='lat' dir='ltr'><strong>impressum</strong></span> <span class='ocrx_word' id='word_1_447' title='bbox 987 4903 1059 4989; x_wconf 91' lang='lat' dir='ltr'><strong>est,</strong></span> <span class='ocrx_word' id='word_1_448' title='bbox 1086 4903 1124 4998; x_wconf 77' lang='lat' dir='ltr'><strong>lit</strong></span> <span class='ocrx_word' id='word_1_449' title='bbox 1151 4926 1223 5000; x_wconf 91' lang='lat' dir='ltr'><strong>quo</strong></span> <span class='ocrx_word' id='word_1_450' title='bbox 1246 4901 1421 4979; x_wconf 81' lang='lat' dir='ltr'><strong>Antonias</strong></span> <span class='ocrx_word' id='word_1_451' title='bbox 1447 4924 1543 4977; x_wconf 77' lang='lat' dir='ltr'><strong>sono</strong></span> <span class='ocrx_word' id='word_1_452' title='bbox 1560 4926 1652 5001; x_wconf 91' lang='lat' dir='ltr'><strong>opus</strong></span> <span class='ocrx_word' id='word_1_453' title='bbox 1673 4901 1879 4978; x_wconf 87' lang='lat' dir='ltr'><strong>immediate</strong></span> <span class='ocrx_word' id='word_1_454' title='bbox 1893 4900 2044 5000; x_wconf 87' lang='lat' dir='ltr'><strong>sequens</strong></span> <span class='ocrx_word' id='word_1_455' title='bbox 2057 4905 2263 4983; x_wconf 85' lang='lat' dir='ltr'><strong>excuderat.</strong></span> <span class='ocrx_word' id='word_1_456' title='bbox 2316 4987 2321 4994; x_wconf 62' lang='grc'><strong>,</strong></span> 
     </span>
     <span class='ocr_line' id='line_1_41' title="bbox 412 4999 2264 5101; baseline -0.003 -18"><span class='ocrx_word' id='word_1_457' title='bbox 412 5006 530 5100; x_wconf 80' lang='lat' dir='ltr'><strong>Magis</strong></span> <span class='ocrx_word' id='word_1_458' title='bbox 545 5019 668 5082; x_wconf 86' lang='lat' dir='ltr'><strong>tamen</strong></span> <span class='ocrx_word' id='word_1_459' title='bbox 686 5027 732 5077; x_wconf 86' lang='lat' dir='ltr'><strong>ex</strong></span> <span class='ocrx_word' id='word_1_460' title='bbox 748 5028 792 5078; x_wconf 87' lang='lat' dir='ltr'><strong>eo</strong></span> <span class='ocrx_word' id='word_1_461' title='bbox 804 5004 840 5079; x_wconf 92' lang='lat' dir='ltr'><strong>in</strong></span> <span class='ocrx_word' id='word_1_462' title='bbox 856 5002 971 5079; x_wconf 82' lang='lat' dir='ltr'><strong>nostra</strong></span> <span class='ocrx_word' id='word_1_463' title='bbox 984 5004 1221 5101; x_wconf 85' lang='lat' dir='ltr'><strong>typographia</strong></span> <span class='ocrx_word' id='word_1_464' title='bbox 1233 5004 1332 5100; x_wconf 88' lang='lat' dir='ltr'><strong>prelo</strong></span> <span class='ocrx_word' id='word_1_465' title='bbox 1345 4999 1567 5077; x_wconf 89' lang='lat' dir='ltr'><strong>commissum</strong></span> <span class='ocrx_word' id='word_1_466' title='bbox 1578 5000 1677 5078; x_wconf 86' lang='lat' dir='ltr'><strong>fuisse</strong></span> <span class='ocrx_word' id='word_1_467' title='bbox 1689 5000 1760 5077; x_wconf 92' lang='lat' dir='ltr'><strong>hoc</strong></span> <span class='ocrx_word' id='word_1_468' title='bbox 1773 5023 1883 5098; x_wconf 89' lang='lat' dir='ltr'><strong>opus,</strong></span> <span class='ocrx_word' id='word_1_469' title='bbox 1897 5002 1943 5075; x_wconf 90' lang='lat' dir='ltr'><strong>ad</strong></span> <span class='ocrx_word' id='word_1_470' title='bbox 1956 5002 2175 5078; x_wconf 88' lang='lat' dir='ltr'><strong>credendum</strong></span> <span class='ocrx_word' id='word_1_471' title='bbox 2190 5018 2264 5077; x_wconf 85' lang='lat' dir='ltr'><strong>tra-</strong></span> 
     </span>
     <span class='ocr_line' id='line_1_42' title="bbox 413 5097 2264 5200; baseline -0.001 -20"><span class='ocrx_word' id='word_1_472' title='bbox 413 5106 503 5191; x_wconf 86' lang='lat' dir='ltr'><strong>hor,</strong></span> <span class='ocrx_word' id='word_1_473' title='bbox 527 5102 667 5200; x_wconf 83' lang='lat' dir='ltr'><strong>eoquod</strong></span> <span class='ocrx_word' id='word_1_474' title='bbox 680 5123 777 5177; x_wconf 80' lang='lat' dir='ltr'><strong>sono</strong></span> <span class='ocrx_word' id='word_1_475' title='bbox 791 5101 957 5181; x_wconf 86' lang='lat' dir='ltr'><strong>omnibus</strong></span> <span class='ocrx_word' id='word_1_476' title='bbox 980 5128 1003 5177; x_wconf 92' lang='lat' dir='ltr'><strong>o</strong></span> <span class='ocrx_word' id='word_1_477' title='bbox 1028 5103 1182 5177; x_wconf 86' lang='lat' dir='ltr'><strong>eribusa</strong></span> <span class='ocrx_word' id='word_1_478' title='bbox 1197 5100 1231 5175; x_wconf 87' lang='lat' dir='ltr'><strong>se</strong></span> <span class='ocrx_word' id='word_1_479' title='bbox 1250 5101 1321 5177; x_wconf 91' lang='lat' dir='ltr'><strong>hoc</strong></span> <span class='ocrx_word' id='word_1_480' title='bbox 1340 5122 1437 5176; x_wconf 86' lang='lat' dir='ltr'><strong>anno</strong></span> <span class='ocrx_word' id='word_1_481' title='bbox 1450 5101 1612 5188; x_wconf 80' lang='lat' dir='ltr'><strong>excusis,</strong></span> <span class='ocrx_word' id='word_1_482' title='bbox 1636 5101 1768 5176; x_wconf 87' lang='lat' dir='ltr'><strong>scilicet</strong></span> <span class='ocrx_word' id='word_1_483' title='bbox 1794 5097 2067 5178; x_wconf 70' lang='lat' dir='ltr'><strong>Savnvsmrir</strong></span> <span class='ocrx_word' id='word_1_484' title='bbox 2084 5098 2264 5200; x_wconf 74' lang='lat' dir='ltr'><strong>Quinqua-</strong></span> 
     </span>
     <span class='ocr_line' id='line_1_43' title="bbox 410 5125 2151 5305; baseline -0.002 -25"><span class='ocrx_word' id='word_1_485' title='bbox 410 5210 507 5305; x_wconf 72' lang='lat' dir='ltr'><strong>ginta</strong></span> <span class='ocrx_word' id='word_1_486' title='bbox 521 5260 530 5288; x_wconf 86' lang='lat'>‚</span> <span class='ocrx_word' id='word_1_487' title='bbox 556 5202 711 5283; x_wconf 59' lang='lat' dir='ltr'><strong>&amp;mmor</strong></span> <span class='ocrx_word' id='word_1_488' title='bbox 736 5200 919 5303; x_wconf 76' lang='lat' dir='ltr'><strong>Gallensts,</strong></span> <span class='ocrx_word' id='word_1_489' title='bbox 944 5202 983 5282; x_wconf 75' lang='lat' dir='ltr'><strong>lt</strong></span> <span class='ocrx_word' id='word_1_490' title='bbox 996 5125 1135 5279; x_wconf 47' lang='lat' dir='ltr'><strong>s‘oaaus</strong></span> <span class='ocrx_word' id='word_1_491' title='bbox 1152 5221 1283 5300; x_wconf 76' lang='lat' dir='ltr'><strong>nunna</strong></span> <span class='ocrx_word' id='word_1_492' title='bbox 1300 5195 1534 5301; x_wconf 67' lang='lat' dir='ltr'><strong>Praecemrio</strong></span> <span class='ocrx_word' id='word_1_493' title='bbox 1546 5223 1683 5279; x_wconf 86' lang='lat' dir='ltr'><strong>nomen</strong></span> <span class='ocrx_word' id='word_1_494' title='bbox 1691 5198 1792 5279; x_wconf 87' lang='lat' dir='ltr'><strong>suum</strong></span> <span class='ocrx_word' id='word_1_495' title='bbox 1805 5198 2019 5301; x_wconf 86' lang='lat' dir='ltr'><strong>adpresserit.</strong></span> <span class='ocrx_word' id='word_1_496' title='bbox 2146 5189 2151 5206; x_wconf 64' lang='lat'><strong>¹</strong></span> 
     </span>
    </p>
   </div>
   <div class='ocr_carea' id='block_1_15' title="bbox 1893 5368 2227 5523">
    <p class='ocr_par' dir='ltr' id='par_1_18' title="bbox 1893 5368 2227 5523">
     <span class='ocr_line' id='line_1_44' title="bbox 1893 5368 2227 5523; baseline -0.006 -45"><span class='ocrx_word' id='word_1_497' title='bbox 1893 5368 1911 5452; x_wconf 36' lang='lat'><strong>⁰-</strong></span> <span class='ocrx_word' id='word_1_498' title='bbox 2066 5515 2073 5523; x_wconf 87' lang='lat'><strong>.</strong></span> <span class='ocrx_word' id='word_1_499' title='bbox 2111 5397 2227 5480; x_wconf 80' lang='lat' dir='ltr'><strong>Folia.</strong></span> 
     </span>
    </p>
   </div>
   <div class='ocr_carea' id='block_1_16' title="bbox 0 0 2704 6281">
    <p class='ocr_par' dir='ltr' id='par_1_19' title="bbox 0 0 2704 6281">
     <span class='ocr_line' id='line_1_45' title="bbox 0 0 2704 6281; baseline 0 0"><span class='ocrx_word' id='word_1_500' title='bbox 0 0 2704 6281; x_wconf 95' lang='lat' dir='ltr'><strong> </strong></span> 
     </span>
    </p>
   </div>
  </div>
 </body>
</html>
