5400 6284
1827 491 1836 544 ἱ
1907 515 1910 520 4
2260 550 2264 556 .
2321 477 2327 498 ,.
2418 473 2422 484 .

1207 611 1529 722 *4ss
1723 701 1729 710 .
1856 693 1863 704 .
2226 630 2273 690 ar

419 828 598 1001 Μαίη
611 805 774 900 medicina
787 817 1010 899 elurairtulee
1019 811 1239 918 subiungant.
1291 810 1372 910 Ego
1386 814 1515 888 uirtute
1531 809 1687 987 pernimiae
1711 812 1783 888 eiur
1797 813 1990 912 aggregabo
2005 810 2273 888 remediaaaflo·

424 925 528 1025 r'erse
543 923 696 1024 scribens
722 920 763 999 Θ
773 923 894 1002 laum.
946 919 998 995 Et
1010 919 1090 1015 quia
1110 941 1192 1017 opus
1205 915 1265 990 bac
1286 935 1330 984 ex
1343 911 1498 1008 pluribus
1510 913 1638 990 auderi
1661 937 1700 987 ur
1722 925 1932 1011 aggregatur
1956 911 2040 1008 liber
2055 909 2273 1011 aggregatio·
2395 967 2406 996 ,

424 1027 605 1100 airnomen
620 1022 784 1118 acquirat.
832 1019 1003 1115 Sequitur
1015 1017 1143 1092 deinde
1161 1015 1278 1113 operis
1290 1010 1458 1108 partitio,
1482 1034 1592 1110 quam
1605 1014 1752 1088 nomina
1765 1013 1950 1090 nullorum
1970 1065 1980 1097 ,
2008 1035 2054 1086 ex
2069 1013 2273 1108 quibusad·

421 1123 586 1218 gregatio
601 1120 716 1207 fasta,
742 1118 935 1215 excipiunt.
990 1113 1050 1190 Ad
1072 1113 1300 1212 praelationis
1325 1108 1434 1184 finem
1447 1132 1469 1183 a
1482 1113 1576 1185 linea
1594 1134 1638 1208 5²
1655 1149 1705 1166 -
1723 1135 1763 1205 55
1788 1110 2202 1188 haechabeturnotitia:
2224 1111 2271 1184 0-

414 1243 488 1320 ·pus
525 1220 633 1296 uidem
646 1217 707 1293 boe
719 1219 830 1314 longis
842 1228 932 1291 retro
947 1211 1149 1311 temporibus
1171 1209 1363 1288 inchoatum
1376 1210 1570 1306 completum
1596 1213 1717 1309 eslper
1729 1235 1780 1284 me
1793 1213 1918 1286 amium
1943 1208 2151 1285 &medicine
2162 1209 2271 1285 doleo.
2367 1263 2373 1298 2

417 1325 492 1394 'rem
546 1312 866 1418 ogissrumlocobum
877 1313 1073 1411 paduanum
1086 1303 1515 1388 ennoematicae.
1530 1308 1741 1409 olbuogeſsmo
1759 1311 1885 1405 quinto.
1896 1305 2031 1383 Aueria
2043 1309 2205 1382 eiusdem
2216 1311 2271 1382 fa·

420 1415 460 1491 lii
471 1417 576 1512 primi
589 1417 718 1511 pagina
729 1414 889 1509 legitur:
915 1409 1062 1486 Rubriae
1081 1412 1185 1581 primi
1198 1407 1362 1482 tradatur
1378 1405 1418 1478 de
1431 1410 1553 1503 primis
1569 1406 1752 1484 uirtutibus
1763 1405 2011 1484 medicinarum.
2043 1406 2271 1482 Terminatur

423 1534 516 1610 opus
532 1527 659 1609 quarta
670 1511 745 1588 folii
769 1525 840 1604 284
865 1509 1057 1595 columna,
1095 1510 1176 1582 inea
1191 1532 1238 1603 47
1267 1507 1371 1582 cuius
1386 1507 1494 1580 verba
1510 1506 1615 1581 lunt:
1649 1503 1843 1604 Tenasmom
1855 1508 2015 1580 licinium.
2033 1503 2114 1582 boli.
2138 1503 2268 1581 ibidmr.

523 1609 888 1708 Bibliographietiam
901 1607 1231 1704 praestantioresde
1251 1603 1491 1680 hacedltione
1509 1605 1646 1680 ntdhm
1667 1603 1822 1681 habuisse
1833 1604 2196 1693 nonmmvidenmr,
2222 1627 2272 1682 ex
2374 1677 2379 1690 ,
2442 1651 2450 1664 -

423 1708 674 1807 quoeiusdem
686 1707 831 1804 insignis
841 1709 969 1780 raritas
987 1717 1099 1802 patet.
1965 1789 1968 1794 ¹

522 1804 972 1900 Austorhuiusoperisest
990 1800 1184 1877 Iacobarde
1199 1823 1345 1878 nonme
1366 1802 1512 1876 natione
1533 1801 1667 1886 Italus,
1692 1803 1807 1898 patria
1819 1801 2033 1884 Paduanus,
2071 1799 2109 1874 in
2138 1823 2179 1878 re
2192 1825 2270 1877 ma·

423 1904 643 1990 tilematica,
671 1906 710 1984 de
724 1905 863 1980 medica
877 1901 1132 1979 verlatillimus.
1186 1902 1329 1977 Padtme
1349 1900 1528 1974 medicam
1541 1923 1563 1974 e
1575 1901 1746 1976 cathedra
1757 1902 1963 1997 explananit
1979 1911 2119 1982 artem:
2143 1900 2270 1976 Prom-

421 2004 604 2102 ptumium
626 2004 829 2087 mediorum,
859 2000 920 2077 seu
933 2003 979 2077 de
999 2001 1255 2096 adgregatione
1283 1999 1627 2074 medicamentorum
1639 2002 1686 2074 ad
1700 2022 1828 2073 omnes
1844 1998 2088 2094 aegritudines
2101 1999 2270 2096 compila-

422 2103 501 2186 uit,
527 2099 856 2278 Vndefflg'ffflm
868 2100 1080 2273 {ppellatus
1110 2098 1303 2178 Floruitad
1316 2095 1426 2174 finem
1445 2096 1551 2176 seculi
1573 2098 1674 2178 XIV.
1689 2097 1793 2176 Cous.
1809 2119 1985 2176 essaeus
1999 2092 2094 2172 Bibl.
2107 2094 2168 2172 sol
2183 2119 2266 2192 352.

425 2220 601 2278 remensa
664 2227 701 2279 or.
757 2220 869 2277 :aco
913 2211 994 2293 185.
1509 2257 1512 2264 .

423 2378 524 2478 XX.
541 2378 767 2578 ‚Mratlthaci
789 2376 994 2498 Syluatici
1016 2373 1260 2467 Medicinae
1284 2375 1467 2467 dederis
1489 2375 1593 2464 liber
1616 2373 1921 2468 Pandedlarum
1943 2373 2268 2480 medicinalium.
2324 2413 2352 2474 ·,
2456 2375 2460 2384 ’

537 2519 584 2582 m
620 2523 674 2581 o.
701 2522 813 2612 mag.
2252 2559 2256 2566 Ι

524 2673 779 2752 Praemillaell
793 2668 1254 2768 operilldottboeimoasrr
1273 2673 1492 2759 Brixienhs,
1523 2674 1584 2772 qui
1597 2672 1692 2750 idem
1712 2674 1895 2760 correxit,
1920 2672 1969 2749 ab
1991 2671 2206 2772 Phoenicum
2228 2673 2269 2748 de

422 2794 611 2850 monzuns
627 2773 855 2846 cardinalem
875 2772 1113 2846 Mantuanum
1135 2793 1177 2845 ac
1190 2774 1376 2846 Bononiae
1389 2774 1565 2868 Legatum
1583 2773 1800 2848 dedicatoria
1817 2772 1986 2870 epistola,
2011 2795 2104 2869 quae
2116 2772 2270 2847 secunda

420 2873 592 2945 columna
605 2868 804 2944 absoluitur.
834 2871 938 2944 Hanc
950 2871 1056 2945 tertia
1071 2869 1237 2945 columna
1248 2871 1384 2968 excipit
1414 2869 1545 2946 Tabula
1558 2876 1780 2970 capitulorum
1795 2896 1857 2968 que
1874 2871 2086 2971 inpendebit}
2100 2872 2270 2944 continen-

301 2977 309 2984 '
422 2981 483 3046 tur
491 2994 553 3065 per
567 2967 712 3044 ordinem
726 2963 904 3064 alphabeti.
954 2967 1055 3043 Folio
1067 2966 1164 3043 sexto
1177 2968 1288 3065 ipsum
1306 2993 1398 3066 opus
1411 2971 1536 3045 ordine
1552 2970 1775 3086 alphabetico
1794 2968 1993 3067 dispositum
2007 2971 2141 3066 incipit,
2156 2970 2194 3044 in
2206 2991 2271 3072 eu·
2300 2995 2302 3000 ·

422 3066 480 3142 ius
496 3067 613 3142 fronte
636 3068 726 3141 haec
738 3067 916 3141 habentur
931 3091 940 3142 :
967 3065 1073 3140 Liber
1086 3068 1321 3164 pandebiarum
1335 3069 1492 3142 medicine
1506 3094 1618 3143 omnio
1632 3072 1788 3144 medicine
1798 3071 1958 3167 fimplicia
1970 3072 2139 3144 continens
2151 3121 2162 3154 ,
2173 3092 2270 3164 quem

421 3191 466 3242 ear
477 3165 629 3241 omnibus
641 3167 854 3260 antiquorum
868 3164 965 3240 libris
980 3169 1181 3262 aggregabit
1196 3169 1338 3240 eximius
1351 3171 1476 3242 ortium
1492 3166 1534 3243 dd
1560 3168 1715 3244 needieine
1727 3169 1840 3244 dodae
1852 3168 2014 3243 Matbeur
2042 3169 2199 3244 atuaticos
2224 3165 2272 3242 ad

414 3262 649 3436 f‘ml'fbmtm
655 3266 759 3363 ficilie
772 3289 878 3359 regem
895 3262 1087 3336 liebertum.

540 3375 742 3456 ntegrumo
768 3359 905 3436 usfolia
920 3383 990 3456 30?
1018 3355 1285 3455 complebitur,
1312 3359 1678 3446 eodemcharattere,
1710 3385 1782 3457 quo
1795 3362 2036 3458 praecedens,
2055 3361 2268 3458 imprell'um.

421 3457 550 3537 Nullas
572 3460 723 3534 ostendit
736 3385 956 3552 dignaturus.
983 3473 1046 3532 aut
1062 3458 1249 3543 custodes,
1276 3458 1464 3554 nullosque
1479 3459 1691 3553 paginarum
1709 3482 1890 3534 nurneros.
1942 3461 2098 3533 Litteras
2117 3460 2272 3538 initiales
2425 3453 2441 3466 ’

304 3629 309 3646 ,
422 3559 586 3652 adpinxit
598 3557 830 3632 miniculatnr.
870 3557 1004 3652 Pagina
1026 3559 1175 3651 quaeuis
1191 3558 1336 3630 exliibet
1361 3557 1450 3630 duas
1463 3555 1671 3641 columnas,
1698 3581 1789 3654 quae
1810 3560 2018 3654 plerumque
2042 3581 2081 3648 55
2111 3560 2270 3654 comple·
2398 3565 2401 3570 ’

422 3656 703 3734 &untmlinoon
754 3657 908 3740 Charta,
937 3656 975 3732 ἀ
989 3656 1152 3730 chartarii
1166 3652 1371 3748 signasunt,
1390 3657 1478 3730 utin
1492 3657 1797 3752 praecedentibus,
1812 3658 1953 3739 eadem,
1996 3655 2105 3753 Operi
2117 3655 2274 3734 secunda
2412 3667 2418 3680 “

422 3751 499 3834 lolii
513 3777 582 3850 307
610 3755 777 3832 columna
792 3754 872 3828 finis
887 3754 1090 3850 imponitur.

333 3929 340 3946 ,
516 3855 637 3929 Editio
651 3853 876 3950 praeiensell
891 3855 1035 3949 quidem
1050 3850 1274 3948 peruetusta,
1300 3873 1343 3925 ac
1359 3852 1777 3952 Bibliographispenitus
1795 3855 1946 3950 ignota:
1970 3852 2030 3930 led
2046 3867 2169 3931 tamen
2192 3879 2272 3934 om·
2385 3869 2409 3954 j

423 3950 525 4026 nium
537 3952 652 4047 prima
662 3952 751 4027 mihi
769 3976 841 4025 non
857 3953 1005 4028 videtur.
1059 3973 1292 4024 mataritae
1306 3951 1453 4025 alterius
1466 3954 1645 4038 meminit,
1666 3977 1761 4050 quae
1777 3954 1853 4030 Nea
1881 3954 1950 4040 oli,
1975 3953 2078 4029 iuxta
2092 3955 2179 4030 alios
2195 3955 2270 4032 Bo·
2414 3961 2426 3990 ‘

422 4049 553 4126 noniae
577 4071 671 4144 1474
693 4053 729 4124 in
743 4050 859 4124 lucem
874 4051 1025 4146 prodiit,
1050 4050 1086 4126 de
1111 4050 1205 4122 hanc
1223 4049 1320 4123 illam
1341 4049 1552 4144 praecellille
1567 4051 1652 4126 inde
1665 4053 1837 4128 coniicien
1864 4076 1926 4128 um
1951 4105 1962 4136 ,
1987 4052 2084 4148 quod
2099 4053 2271 4128 Mattiaci

420 4170 582 4226 moltam
600 4148 696 4244 apud
709 4150 953 4243 typographos
970 4146 1076 4223 ltalos
1096 4145 1302 4222 corretloris
1319 4170 1467 4221 munere
1479 4147 1663 4244 fungentis
1677 4151 1849 4246 praefatio
1867 4151 2006 4224 nostrae
2028 4153 2269 4248 praemillaab

346 4339 348 4344 Ι
420 4247 578 4324 editione
591 4246 827 4341 Neapolitana
838 4247 1022 4343 adsumpta
1037 4246 1087 4320 sit.
1137 4247 1193 4318 Ex
1207 4245 1304 4319 nullo
1318 4246 1414 4320 enim
1436 4268 1803 4342 opereamuarauo
1816 4247 1913 4342 typis
1928 4271 2049 4322 comm
2062 4247 2109 4321 llo
2123 4249 2269 4333 constat,
2320 4255 2326 4278 ¹

418 4346 520 4424 illum
539 4344 746 4420 comestoris
760 4368 870 4419 manu
885 4344 983 4418 vium
999 4343 1106 4420 luille.
1161 4343 1201 4418 Si
1214 4344 1324 4416 etiam
1340 4346 1533 4440 quemdam
1549 4343 1743 4430 habuillet,
1777 4345 1910 4420 nullius
1935 4359 2057 4421 tamen
2072 4347 2269 4444 praelatio,

420 4458 484 4516 aut
496 4445 673 4520 dedicatio
689 4445 855 4541 operibus
868 4445 912 4515 ab
924 4442 995 4536 ipso
1012 4441 1180 4538 imprellis
1195 4441 1353 4537 praefixa
1368 4442 1552 4537 reperitur.
1590 4443 1707 4528 Dein,
1732 4445 1849 4519 virum
1867 4443 1944 4520 tam
1962 4444 2069 4542 longe
2081 4443 2270 4524 distantem

422 4539 470 4612 ad
484 4543 730 4636 corrigendum
746 4540 948 4616 conduxille
964 4596 973 4626 ‚
994 4542 1089 4615 haud
1105 4540 1288 4615 verilimile
1302 4540 1453 4615 videtur.
1967 4605 1970 4610 .

521 4637 718 4714 blerltbaeus
734 4661 995 4724 sYlthlcvs,
1021 4642 1135 4737 patria
1152 4641 1372 4713 Mantuanus
1390 4691 1398 4722 ,
1425 4637 1624 4713 medicinae
1642 4637 1762 4715 ooaor
1775 4641 1925 4721 florebat
1940 4644 2036 4720 circa
2048 4642 2205 4718 melium
2219 4642 2237 4715 s
2253 4686 2269 4703 ·

424 4735 496 4811 culi
517 4734 612 4810 xlv.
648 4759 851 4813 aasauavs
864 4740 901 4812 in
917 4738 1006 4812 Bibl.
1028 4738 1186 4815 Vniuerl.
1203 4737 1261 4811 lol.
1281 4760 1348 4831 507
1377 4735 1698 4833 sequentiadeiplo
1712 4739 1828 4816 habet
1872 4795 1893 4828 „
1911 4741 2055 4837 Scripsit
2078 4741 2125 4814 ad
2140 4741 2269 4816 liaber-

422 4890 444 4922 „
470 4847 542 4935 tum
556 4833 698 4910 Siciliae
710 4838 844 4932 Regem
858 4838 985 4912 librum
1001 4836 1256 4912 Pandeiiarum
1270 4833 1469 4908 medicinae
1481 4857 1527 4909 ex
1537 4833 1703 4910 omnibus
1718 4840 1944 4935 antiquorum
1958 4839 2060 4914 libris
2074 4839 2269 4928 collobium,

422 4988 444 5018 „
472 4957 544 5030 quo
570 4934 692 5007 omnia
708 4937 904 5010 medicinae
921 4935 1088 5031 limplicia
1114 4936 1306 5032 pltarmaca
1320 4931 1512 5008 secundum
1535 4933 1698 5010 ordinem
1719 4935 1898 5032 alphabeti
1911 4936 2096 5026 describit,
2122 4937 2159 5014 dr
2174 4939 2273 5014 vires'

420 5087 442 5120 „
470 5033 650 5129 explicat,
676 5055 719 5104 ac
732 5033 919 5110 innumera
937 5035 1107 5110 vocabula
1125 5034 1303 5118 declarat,
1325 5031 1433 5128 idque
1444 5031 1481 5105 in
1495 5031 1601 5105 variis
1611 5031 1770 5130 linguis,
1794 5034 2134 5121 latinarlrabica,
2156 5039 2268 5113 Grae-

420 5185 443 5218 „
471 5156 534 5217 ca,
560 5131 598 5208 dr
614 5131 720 5225 vulgo
741 5129 873 5206 usitatis
886 5134 980 5229 apud
993 5133 1287 5230 pharmacopolas
1317 5129 1605 5205 nomenclaturis.
1631 5169 1745 5186 --
1761 5171 1812 5188 ·-
1870 5135 1943 5210 Sed
1957 5135 2149 5232 pleraque,
2174 5159 2267 5234 quae

422 5282 445 5314 „
471 5231 646 5325 explicat,
675 5229 781 5305 valde
793 5247 959 5327 corrupta
974 5232 1075 5317 lunt,
1102 5233 1199 5308 nulla
1213 5229 1362 5328 usquam
1388 5228 1571 5304 obseruata
1586 5228 1866 5326 orthographia:
1892 5235 2089 5311 Graeca&
2112 5233 2266 5308 Arabica
2386 5299 2393 5312 .

422 5381 445 5418 n
471 5325 572 5448 saepe
594 5331 702 5418 dicit,
729 5352 823 5430 quae
841 5329 1069 5418 neutralunt.
1113 5331 1288 5430 Magnum
1303 5327 1498 5532 iacitgliaos,
1522 5327 2270 5504 &innumeramomlradlttionumffiaclmae

1566 5521 1571 5534 .
2084 5482 2107 5520 o
2152 5469 2155 5478 '
2193 5457 2215 5505 θ
2260 5515 2263 5520 .
