5400 6284
281 503 286 520 ’
386 563 490 666 *u
674 669 687 690 ⁶
1186 546 1511 656 2*ssss
2026 655 2034 672 ,

327 874 332 883 Ι
465 751 682 844 cxxvii.
716 749 885 840 Ioannis
905 748 1039 840 Nidet
1059 747 1170 838 Or'd.
1193 747 1383 842 Praedic.
1401 748 1738 869 Praeceptorium
1754 752 1924 846 dsuioae
1940 755 2054 872 legis,
2079 761 2122 848 io
2139 759 2210 850 sol.

367 975 381 1008 κ,
483 951 485 956 ·
523 939 618 1032 Opus
633 935 763 1022 iiupiex
792 932 971 1006 antecedit
997 933 1135 1017 index,
1159 955 1253 1008 vaus
1268 931 1514 1033 alphabeticus
1529 936 1793 1022 materiarum,
1826 935 1917 1012 alter
1932 937 2149 1036 flagitiorum
2170 950 2266 1045 copi.

324 1039 326 1044 ’
419 1055 522 1123 tum,
554 1036 613 1132 qni
632 1033 713 1107 iolia
737 1054 779 1124 23
799 1029 1052 1127 complestitur.
1095 1029 1195 1106 ioiio
1218 1052 1265 1124 ²4
1284 1029 1407 1128 Incipit
1429 1035 1587 1129 prologus
1617 1035 1652 1106 r'u
1667 1036 1895 1131 expositionem
1916 1036 2065 1138 decalogi
2082 1039 2267 1137 secundam

369 1168 371 1174 ·
411 1144 562 1238 fratrem
578 1134 755 1207 [olrannum
783 1129 1002 1227 Nr'dersocre
1022 1129 1182 1228 theologie
1201 1127 1412 1242 prospffrrr·errr
1432 1133 1559 1206 ordinis
1573 1133 1847 1230 predicatorum,
1873 1135 1935 1231 qui
1952 1133 2101 1214 secunda
2128 1142 2266 1220 coium·

420 1261 529 1312 na-
552 1230 805 1307 lnduasenim
819 1228 1137 1323 quaeuiedistintta
1154 1229 1344 1324 estpagrna
1358 1269 1409 1282 -
1435 1229 1529 1304 linea
1544 1243 1672 1327 quarta
1683 1231 1905 1306 terminatur.
1958 1234 1962 1242 '

491 1334 622 1408 Totum
636 1350 726 1423 opus
740 1334 815 1404 260
829 1328 912 1400 solia
935 1324 1198 1424 compeditur,
1226 1325 1426 1401 charaltere
1440 1329 1591 1416 eodem,
1616 1351 1687 1426 quo
1699 1330 1935 1427 praecedens,
1956 1331 2169 1430 impressum.
2206 1338 2275 1418 Lis

339 1461 342 1470 ⁴
419 1457 510 1510 neae
525 1433 560 1506 in
581 1425 879 1525 qualibetpagina
893 1447 934 1520 43
955 1440 1199 1504 numerantur.
1243 1424 1378 1500 Desunt
1392 1426 1543 1502 initiales
1554 1428 1693 1503 litterae
1714 1483 1723 1515 ,
1759 1425 1986 1524 signaturae.
2009 1430 2198 1521 custodes,
2228 1437 2267 1516 de

417 1533 631 1629 paginarum
644 1525 796 1604 numeri.
835 1525 875 1600 lo
888 1521 1055 1620 superiori
1065 1525 1227 1621 margine
1240 1524 1397 1598 cuiusms
1417 1527 1567 1620 paginae
1590 1527 1772 1616 indicatur,
1780 1542 2010 1626 praeceptum
2032 1584 2042 1615 ,
2066 1531 2104 1610 de
2129 1556 2172 1608 ca
2196 1535 2264 1612 itu.

419 1631 505 1706 lum.
548 1623 844 1721 interpuntlionis
856 1621 994 1718 ignum
1008 1623 1130 1700 inhoc
1144 1646 1287 1722 quoque
1301 1643 1408 1720 opere
1424 1624 1560 1700 nullum
1574 1626 1669 1700 aliud
1688 1625 1917 1712 obseruator,
1950 1650 2058 1724 quam
2085 1639 2159 1728 piin

421 1732 556 1815 Quarta
569 1723 684 1804 ultimi
696 1721 952 1808 foliicolumna
976 1719 1158 1818 sequentia
1168 1722 1202 1796 le
1253 1734 1364 1796 ntur:
1391 1721 1552 1798 Iohannis
1567 1723 1679 1800 Nider
1683 1723 1782 1820 fixere
1792 1727 1929 1823 paginis
1955 1726 2101 1826 Egregir'
2124 1730 2265 1810 dodorir

289 1839 295 1860 '¹
354 1901 358 1916 ,
419 1827 549 1902 ordinis
557 1823 804 1922 predicatorum
822 1819 1061 1896 Conuentualir
1080 1821 1200 1897 Nuren
1224 1825 1364 1923 ergenstr
1384 1833 1613 1922 preceptorum
1624 1825 1770 1920 preclari
1794 1849 1892 1897 rmum
1906 1850 1988 1922 opus
2004 1827 2089 1926 finit
2102 1833 2265 1928 feliciter.

519 1924 571 2000 ci.
592 1943 742 2004 ovnrrr
757 1919 933 1996 editiores
948 1943 1044 1994 anno
1065 1925 1169 2018 ¹476·
1195 1918 1441 2014 Argeudoae,
1471 1935 1574 2014 1482.
1593 1921 1730 1996 Parisiis
1753 1976 1763 2010 ‚
1791 1923 1830 2000 de
1843 1922 2099 2019 Norimbergae
2116 1941 2208 2024 ¹496
2227 1933 2266 2010 in

419 2027 538 2101 lucem
549 2017 692 2106 emiliae
704 2017 913 2105 recenseas,
931 2019 975 2092 de
997 2017 1170 2116 praesenti
1184 2018 1318 2094 nullam
1331 2017 1456 2095 habuit
1467 2021 1644 2098 notitiam.
1678 2021 1806 2119 Ne‘que
1825 2023 1920 2118 apud
1944 2024 2052 2097 alium
2065 2025 2265 2125 Bibliogra·
2301 2035 2308 2052 '

337 2187 341 2196 ,
419 2128 571 2223 phorum
588 2175 600 2214 ,
625 2131 664 2193 vt
678 2117 932 2196 animaduertit
944 2117 997 2192 Cl.
1016 2117 1342 2215 suenrunRsase.
1357 2116 1384 2190 I
1391 2141 1424 2214 p.
1439 2131 1505 2215 187
1520 2120 1565 2194 de
1576 2120 1702 2197 eadem
1715 2122 1852 2197 mentio
1866 2124 2050 2219 reperitur.

416 2381 419 2390 -
486 2313 597 2406 Libri
619 2329 787 2402 nouae
807 2312 860 2402 ab
886 2310 1064 2401 Vialrico
1081 2330 1237 2402 onero
1253 2353 1303 2368 -
1318 2332 1425 2399 nnn
1444 2354 1493 2368 —
1507 2317 1551 2404 be
1576 2316 1740 2428 Georgia
1762 2334 1916 2418 taven
1935 2319 1980 2407 in
1998 2321 2207 2413 Monaste·

557 2447 561 2454 '
1110 2428 1164 2504 rio
1190 2425 1228 2506 S.
1247 2451 1416 2505 rrvsuorr
1444 2428 1605 2528 impressi.

383 2607 388 2616 ’
418 2610 656 2699 CXXVIII.
693 2610 740 2698 T.
762 2601 876 2698 Livii
891 2603 1094 2694 Patauini'
1107 2573 1378 2692 Historiarum
1397 2605 1682 2696 Romanarum
1701 2607 1895 2699 Decedes
1912 2613 1984 2708 rii
2011 2642 2062 2704 ex
2075 2641 2172 2702 teco
2189 2599 2264 2704 ni.

418 2800 421 2807 ,
524 2728 650 2933 fimi?
672 2725 727 2924 lpl
743 2728 1089 2950 gelrtlncargbffnrii
1102 2777 1114 2819 ‚
1144 2724 1187 2810 δι
1217 2749 1317 2812 cum
1332 2721 1517 2808 eiusdem
1541 2722 1718 2810 Praefert.
1735 2721 1792 2810 ad
1810 2725 1984 2826 Cardia.
2010 2635 2264 2848 Pupieniem.

515 3023 698 3116 integrum
711 3020 780 3093 hoc
792 3015 1097 3115 splendidissimum
1112 3031 1201 3114 opus
1221 3023 1294 3111 446
1318 3016 1402 3091 folia
1414 3011 1684 3111 comprehendit
1698 3016 1869 3114 impressa.
1899 3023 2058 3109 Quaeuis
2071 3001 2200 3122 pagina
2216 3047 2262 3121 ⁴5

339 3127 356 3162 ⁸*
416 3123 529 3196 lineas
543 3119 796 3217 completiitur.
847 3113 1172 3193 Charaderessunt
1187 3116 1359 3201 Romani,
1384 3138 1427 3188 ac
1441 3114 1923 3214 perelegantes;·diphtongi
1947 3121 2076 3196 litteris
2103 3123 2265 3219 simplici·

415 3223 484 3298 bus
503 3218 582 3296 sunt
604 3217 793 3309 exprelae.
833 3213 966 3289 Charta
981 3214 1169 3300 albedine,
1208 3215 1402 3299 firmitate,
1432 3237 1475 3288 ac
1491 3215 1694 3308 marginum
1718 3213 1951 3310 amplitudine
1972 3219 2077 3295 vaide
2100 3219 2263 3315 superbit.

366 3375 372 3386 .
415 3321 574 3395 Litterae
588 3317 744 3396 initiales
765 3327 842 3392 tum
858 3316 1080 3400 deauratae,
1106 3328 1185 3388 tum
1210 3315 1356 3389 diuersis
1369 3314 1547 3388 coloribus
1565 3311 1724 3408 depittae
1741 3313 1936 3392 editionem
1963 3318 2184 3414 praesentem
2209 3320 2264 3395 in·

267 3418 272 3426 '
414 3418 757 3508 figaiterexomant
798 3415 924 3490 Nullae
937 3428 1129 3489 occurrunt
1140 3413 1360 3508 signatam,
1389 3409 1680 3498 obstinationes,
1706 3412 1864 3509 nullique
1879 3418 2089 3510 paginarum
2113 3418 2264 3494 numeri.

415 3519 485 3592 Vix
502 3542 574 3590 non
588 3517 709 3592 omnia
721 3512 951 3589 obseruantur
962 3511 1254 3608 interpurrtiionis
1270 3512 1376 3606 ligna.
1426 3510 1523 3583 Nulli
1536 3533 1583 3581 ex
1600 3512 1701 3584 hisce
1716 3513 1813 3586 libris
1830 3515 1900 3590 vlla
1911 3514 1980 3590 luit
2002 3538 2024 3589 a
2040 3517 2265 3614 typographo
2336 3515 2351 3534 '

441 3616 574 3690 roelixa
587 3613 790 3711 inscriptio,
816 3612 1035 3694 auttitulus,
1067 3609 1247 3687 sicunnec
1261 3609 1470 3707 Epitomae;
1495 3607 1553 3682 led
1567 3610 1701 3684 cumin
1716 3609 1833 3685 sronte
1858 3615 1988 3698 huius,
2011 3627 2090 3690 tum
2110 3612 2265 3710 ipsorum

414 3639 583 3790 iibrorum
598 3712 747 3810 spatium
761 3733 937 3794 uacuum,
962 3712 998 3783 in
1014 3733 1086 3804 quo
1102 3710 1319 3783 conueniens
1332 3708 1508 3800 inscriptio
1523 3730 1632 3781 mana
1647 3708 1748 3783 inseri
1765 3707 1875 3805 posset
1889 3765 1899 3797 ,
1914 3713 2073 3788 relidam
2088 3711 2148 3788 est.
2187 3713 2264 3789 Pri·

324 3871 326 3880 .
414 3827 476 3889 ina
493 3812 680 3908 Epitomae
697 3865 706 3894 ‚
735 3808 1065 3902 &uniuscuiusque
1085 3805 1161 3879 libri
1174 3807 1269 3879 linea
1281 3807 1492 3904 capitalibus
1503 3805 1631 3879 litteris
1648 3807 1697 3881 est
1709 3807 1880 3903 impressa.
2261 3883 2265 3888 ,

513 3911 670 3986 Primam
683 3907 757 3985 folii
772 3908 875 4003 primi
893 3907 1060 4003 paginam
1076 3903 1126 3980 lo.
1144 3924 1327 3980 canaam
1351 3905 1567 3981 deditatoria
1593 3905 1639 3979 ad
1651 3907 1878 3984 Cardinalem
1901 3907 2108 4007 Papiensem
2120 3910 2264 4009 epistola

417 4023 571 4106 occupat
587 4063 596 4093 ‚
623 4010 725 4082 cuius
745 4004 894 4101 sequens
909 4007 958 4078 est
971 4023 1097 4078 tenor:

517 4107 709 4200 Campanas
727 4105 904 4200 Cardinali
921 4103 1074 4202 Papicnst
1085 4100 1317 4200 meosalutern.
1339 4097 1420 4176 Tres
1449 4099 1488 4176 T.
1506 4100 1604 4176 Liuii
1628 4101 1788 4178 decades:
1815 4115 1866 4179 tot
1879 4107 1966 4181 enirn
1967 4105 2146 4207 supersunt
2158 4105 2264 4184 libro·

413 4213 541 4285 riorum
559 4206 693 4305 infritia
711 4228 836 4301 magna
859 4216 1012 4303 cooperte
1025 4203 1229 4300 deprauatar
1240 4199 1326 4301 e'uffu
1338 4212 1397 4275 tuo
1411 4203 1519 4300 recepi
1536 4201 1780 4278 errrendaudar:
1801 4205 1968 4303 operosam
1991 4211 2120 4301 quidem
2141 4233 2210 4282 rem
2222 4205 2264 4284 fii

410 4305 682 4405 plenamlaborr'r
701 4330 709 4378 :
728 4305 790 4403 sed
801 4307 959 4379 utilitatis
982 4315 1020 4379 ut
1036 4298 1185 4380 arbitror
1196 4325 1263 4375 non
1278 4303 1388 4376 minus
1399 4325 1500 4398 quam
1503 4303 1581 4398 suit
1602 4301 1805 4400 dffcultadr
1817 4300 2021 4382 habituram.
2046 4362 2054 4379 .
2076 4355 2088 4380 .
2127 4304 2263 4378 Horum

414 4432 475 4504 ego
498 4409 751 4504 deprauatr'ones
765 4430 848 4498 queas
861 4415 958 4477 tanta
972 4401 1194 4494 diuturnitate
1206 4402 1390 4499 temporie.
1417 4412 1578 4495 tantoque
1591 4397 1747 4476 barbarie
1761 4399 1982 4500 necpffesuit,
2000 4400 2058 4500 effe
2095 4427 2170 4476 uam
2184 4402 2263 4499 pta

415 4508 543 4588 rimas,
570 4504 804 4596 multirsretas
815 4498 1059 4597 exemplaribus
1082 4502 1286 4595 corrigerem
1309 4496 1459 4597 greffur,
1477 4501 1552 4596 seer'
1567 4499 1657 4594 qaod
1674 4512 1712 4572 tu
1725 4500 1833 4601 iufflsti
1847 4499 1888 4575 Ei
1900 4503 1974 4596 feei
1984 4425 2193 4599 qaodporai
2211 4502 2263 4576 di·

414 4607 578 4701 ligrutrr:
602 4614 638 4674 vt
660 4600 735 4674 lruic
748 4626 831 4672 nour
843 4602 986 4693 mireque
1001 4598 1156 4698 industrie
1169 4603 1213 4671 im
1255 4524 1394 4698 eliorum
1410 4596 1475 4697 ipde
1487 4621 1614 4694 quoque
1623 4623 1689 4696 pro
1705 4601 1798 4673 uirili
1819 4602 2007 4674 auxiliorrr
2023 4624 2031 4673 :
2055 4599 2264 4698 idemsailu·

416 4729 474 4776 ras
500 4706 533 4775 in
548 4699 661 4774 crtrrir
677 4724 741 4795 quo
755 4724 818 4771 nou
833 4697 927 4771 modo
941 4721 1006 4770 non
1033 4710 1169 4771 currant
1181 4699 1206 4770 li
1229 4699 1278 4772 rr'r
1292 4709 1437 4772 ueterum
1450 4701 1550 4796 nostri
1562 4695 1707 4772 donriaes
1722 4720 1731 4771 :
1756 4710 1818 4772 aut
1830 4700 1893 4770 emi
1903 4705 2007 4774 neulto
2021 4713 2172 4798 oporteat
2187 4699 2265 4800 ,sed

415 4802 456 4876 id
468 4827 590 4899 niagno
607 4800 914 4896 diserturaeopiar
935 4794 975 4871 tr
991 4821 1070 4892 eque
1078 4797 1222 4894 pauperi
1233 4809 1331 4891 atque
1343 4796 1445 4870 diuiti
1464 4800 1655 4894 comparari
1670 4798 1790 4894 exiguo
1801 4821 1845 4894 po
1868 4811 1941 4873 ent:
1968 4799 2043 4876 Nee
2067 4800 2151 4873 idern
2163 4811 2263 4876 eruut

415 4899 638 4999 r'urprefforurn
651 4923 789 4973 errores.
816 4894 1305 4994 quisueruntexscriptorurn:
1329 4897 1357 4970 ir'
1370 4920 1435 4970 uno
1448 4897 1634 4992 exemplari
1658 4920 1757 4991 eoque
1776 4921 1842 4994 pro
1852 4897 1944 4994 petio
1970 4911 2069 4993 atque
2092 4901 2262 4976 enreuduto

415 5012 496 5095 quot
509 4987 618 5072 uolent
639 4999 764 5072 codices
776 5021 843 5071 ana
856 5019 956 5097 opera
970 5019 1097 5089 unoque
1109 5007 1219 5068 tenore
1230 4995 1428 5094 conficient:
1459 4993 1512 5068 illi
1535 4995 1763 5095 dunrfingulir
1780 4999 1913 5093 quisque
1940 4996 2084 5074 arbitrio
2108 4995 2262 5068 abutitur

345 5139 347 5144 ·
414 5097 496 5192 sura,
523 5121 690 5193 nunquam
702 5095 837 5194 intense
850 5096 1049 5170 conueniunt
1063 5106 1100 5168 rt
1115 5091 1173 5168 viri
1187 5092 1344 5265 paulopt
1356 5093 1562 5193 protrudior
1589 5099 1698 5167 aratro
1716 5106 1778 5166 aut
1795 5096 2019 5190 implicatior,
2047 5119 2113 5168 non
2136 5092 2262 5191 diuerse

405 5189 642 5293 ¹corrumpant.
695 5196 784 5293 Legi
794 5197 1035 5293 poteritiama
1051 5195 1168 5295 nostris
1184 5189 1283 5265 Liuii
1316 5194 1450 5291 istoria:
1475 5197 1649 5292 fiqualern
1661 5195 1721 5293 ipfi
1731 5191 1934 5270 reddidimus
1955 5195 2053 5268 talem
2070 5189 2110 5266 ii
2125 5191 2262 5290 impres·

407 5299 503 5399 serres
516 5298 676 5402 ceterique
691 5296 897 5396 effinxerint:
929 5293 1077 5393 quodod
1088 5318 1137 5368 me
1149 5292 1289 5367 attinuit
1308 5318 1318 5367 .·
1345 5292 1508 5394 nusquam
1522 5289 1674 5389 curiosus
1699 5294 1861 5391 interpres
1880 5307 1941 5370 aut
1961 5293 2156 5377 (linirentur,
2179 5293 2263 5366 nr'lul

639 5425 641 5432 ·
1236 5411 1238 5422 '
2109 5415 2215 5466 meum
