5400 6284
1018 475 1025 500 Ι
1133 483 1525 680 gssss·
1812 581 1858 702 ig
1975 587 1984 598 “
2163 493 2269 682 ¹⁶r·¹

383 845 386 856 .
483 780 737 876 Norirnbergre
750 779 794 854 ab
808 776 961 856 Antonio
975 797 1189 854 noevrortrr
1202 775 1302 850 iuilie
1326 776 1513 874 hocopus
1534 776 1632 874 typis
1656 779 1890 874 equgatum,
1922 779 2142 856 citaratieres
2163 803 2233 859 noe

388 882 544 956 docent.
571 881 632 976 qui
647 881 749 976 plane
768 879 876 952 iidem
889 876 989 963 lunt,
1011 877 1139 972 quibus
1159 877 1274 950 Biblia
1286 899 1383 948 anno
1400 899 1492 970 ¹475
1519 875 1723 960 excuderet.
1754 881 1795 954 V.
1810 879 1897 955 Tab.
1912 879 1975 956 Vi.
2001 880 2046 976 N.
2076 881 2102 959 I.
2149 881 2234 958 Edi·

306 1035 310 1040 -
388 980 523 1054 tionem
545 975 638 1051 hanc
654 977 796 1071 inlrgnis
812 977 966 1050 raritatis
981 989 1103 1062 norom
1116 975 1267 1057 mereri,
1295 973 1407 1047 altum
1421 971 1754 1069 Bibliograpirorum
1778 975 1954 1052 srlentium
1968 1001 2036 1052 nos
2050 979 2232 1058 admonet.

485 1076 628 1150 Ioannes
657 1093 783 1160 evus,
823 1087 1063 1168 cognomento
1083 1091 1246 1154 scotus,
1273 1069 1525 1168 irrascibilis
1539 1073 1669 1156 diuos,
1688 1075 1833 1149 natione
1847 1075 1998 1170 litigius,
2012 1078 2050 1152 in
2064 1079 2233 1175 parochio
2279 1131 2283 1140 -

389 1173 629 1250 Emildoneusr
643 1174 679 1248 in
695 1172 948 1247 Northumbria
961 1185 1092 1254 natus,
1118 1170 1311 1246 secundun
1324 1169 1414 1244 alios
1427 1191 1512 1244 vero
1525 1193 1658 1265 genere
1672 1172 1827 1256 Scottis,
1863 1197 1908 1248 ex
1923 1197 2137 1250 wnoorunr
2162 1232 2175 1266 ,
2195 1177 2234 1260 dc

339 1351 344 1370 ¹
387 1273 537 1347 aliorum
549 1270 724 1346 sententia
736 1270 940 1354 Hibernos,
965 1268 1108 1343 Ordinis
1121 1269 1302 1343 Minorurn
1321 1268 1524 1353 Aiumnuo‚
1562 1269 1720 1344 Gulielmi
1736 1293 1935 1346 vnuuoms
1960 1271 2133 1370 Angiioi,
2162 1299 2236 1352 nou
2363 1297 2367 1310 ’

389 1371 750 1447 Alexandriae-ntes
762 1369 904 1443 auditor
923 1369 1001 1448 fuit.
1030 1368 1069 1441 in
1082 1366 1213 1440 diuinis
1231 1366 1432 1462 scripturis,
1460 1369 1552 1442 acin
1565 1359 1788 1464 Philosophia
1813 1370 2036 1454 Aristotelica
2068 1372 2158 1447 adeo
2172 1397 2236 1450 ex·

388 1469 537 1554 ceiluit,
551 1463 598 1542 ‘vt
614 1471 652 1545 iu
673 1465 964 1564 disputationibus
977 1467 1132 1562 palmam
1153 1466 1282 1539 ceteris
1305 1467 1553 1562 praeriperet,
1581 1480 1691 1562 atque
1705 1469 1750 1540 ob
1770 1468 1808 1542 id
1832 1467 2107 1565 Dimisimus
2128 1471 2238 1545 fuerit

327 1641 341 1656 ,
390 1567 599 1662 adpellitur.
640 1563 831 1640 Irinun'rera
846 1567 978 1660 ingenii
998 1563 1015 1636 l
1014 1565 1047 1636 ui
1067 1563 1313 1638 subtilitatibus
1337 1563 1520 1660 exquisitis
1541 1562 1667 1647 autu,
1693 1587 1736 1639 ac
1748 1563 2047 1642 declarationibus
2062 1567 2239 1644 elucidata

391 1676 628 1741 monumenta
640 1664 785 1760 posteris
798 1665 949 1760 reliquit
989 1663 1124 1737 Floruit
1137 1662 1232 1736 circa
1250 1684 1387 1736 annum
1408 1688 1420 1736 ι
1423 1685 1510 1834 por.
1539 1663 1708 1738 Hernicus
1726 1685 1925 1740 wanruou
1941 1663 2147 1764 InAdpcrd.
2173 1689 2239 1742 cr·

394 1783 466 1838 ver
485 1761 696 1862 Hifl.scripl.
708 1761 835 1860 Eccles.
852 1785 884 1859 p.
902 1784 932 1856 3.
970 1779 1176 1837 roesuvru.
1195 1759 1287 1857 Adp.
1314 1759 1351 1836 S.
1366 1761 1408 1835 I.
1461 1783 1494 1858 p.
1518 1765 1601 1852 868.

395 1943 488 2036 Vll.
520 1941 560 2030 S.
582 1940 775 2028 Thomae
796 1942 1016 2139 ciqpipatis
1034 1939 1197 2026 Postilla
1225 1941 1268 2026 in
1289 1938 1381 2036 Iob.
1413 1936 1511 2026 Sine
1534 1939 1616 2028 Ioci
1634 1959 1736 2028 nota
1757 1967 1830 2056 per
1853 1941 2101 2030 Conrrdurn
2117 1941 2239 2034 Finer

510 2083 769 2170 anno1474.
802 2081 846 2140 rn
887 2084 940 2140 o.

495 2236 595 2333 opus
609 2237 701 2323 hoc.
726 2233 820 2310 ioIiie
847 2257 915 2327 107
930 2234 1118 2322 constans,
1146 2234 1328 2334 praecedit
1347 2235 1577 2310 materiamm
1603 2233 1743 2319 index,
1777 2236 1878 2312 cuius
1901 2235 1939 2309 in
1962 2235 2064 2310 initio
2087 2235 2240 2332 legitur:

397 2333 442 2410 In
460 2333 578 2410 robola
604 2333 885 2436 t'staostendurrlur
899 2331 1101 2410 notabiliora
1106 2333 1168 2432 serr
1189 2334 1434 2432 principaliora
1448 2332 1647 2431 peritiaque
1678 2333 1839 2408 odoliore
1851 2331 1970 2430 santio
1995 2337 2086 2408 circo
2110 2346 2241 2412 textum

397 2430 487 2508 broli
501 2431 554 2528 iob
561 2432 645 2531 sunl
666 2458 708 2506 ex
731 2435 812 2529 ostio
831 2434 868 2543 iet
882 2455 945 2504 uno
960 2453 1086 2526 quoque
1099 2435 1256 2530 capitulo.
1302 2431 1437 2508 Tabula
1451 2430 1571 2530 auersa
1588 2433 1665 2505 lolii
1683 2433 1798 2527 quarti
1815 2433 1943 2528 pagina
1956 2433 2145 2508 terminata
2161 2488 2171 2519 ,
2186 2435 2242 2510 Io·

395 2533 444 2607 tio
464 2535 589 2630 quinto
606 2459 879 2701 Postill'bprolrrs
895 2529 1000 2601 etome
1014 2533 1052 2602 cle
1064 2534 1186 2624 aquino
1201 2531 1242 2604 In
1260 2528 1313 2602 iob
1319 2532 1468 2627 feliciter
1482 2533 1608 2625 incipit.
1660 2497 1751 2605 Ium
1773 2531 1978 2604 immediate
2002 2532 2127 2644 inoIpit
2138 2555 2243 2629 prae·

395 2631 508 2715 satio,
533 2651 642 2724 quam
657 2651 743 2704 aner
759 2651 780 2701 r
798 2627 957 2702 eiusdem
972 2627 1046 2702 lolli
1058 2629 1187 2726 pagina
1199 2629 1294 2704 linea
1311 2651 1354 2723 ¹1
1368 2627 1523 2724 sequitur
1541 2628 1734 2726 Capitulum
1745 2631 1900 2725 primum.
1939 2628 2039 2724 Opus
2055 2653 2092 2704 m
2111 2655 2158 2724 42
2183 2655 2244 2708 ca·

397 2730 509 2825 pirula
523 2727 684 2811 diuisum,
707 2725 907 2801 charattere
918 2726 1062 2822 gotinco
1080 2726 1297 2808 minusculo.
1323 2727 1478 2800 atabuIa
1500 2727 1540 2802 V.
1554 2725 1601 2801 N.
1615 2727 1666 2800 III
1681 2728 1859 2822 exhibito,
1874 2725 2074 2822 Imprelium
2095 2729 2154 2804 est.
2173 2731 2245 2806 ca.

328 2851 333 2866 ¹
398 2839 456 2900 ret
468 2826 655 2920 srgnaturis
667 2878 677 2909 ‚
690 2823 891 2899 custodibus
906 2878 915 2910 ,
928 2823 1138 2920 paginamm
1150 2824 1308 2900 numeris
1321 2825 1358 2899 dr
1369 2825 1497 2897 litteris
1512 2823 1726 2911 initialibus,
1753 2825 1920 2922 quaeue}
1935 2826 2066 2915 rubro,
2089 2829 2145 2900 vel
2162 2851 2246 2902 cue·

396 2925 525 3011 ruico,
552 2920 709 3020 adpiiiae
727 2921 806 2997 sunt
818 2922 947 2998 colore.
996 2923 1131 2997 Charta
1142 2924 1192 2998 eli
1204 2925 1348 3022 quidem
1364 2924 1489 3007 firma,
1517 2922 1575 2996 led
1589 2925 1709 2998 minus
1720 2927 1823 3006 alba,
1850 2923 1887 2999 dc
1904 2925 2022 3018 polita.
2059 2927 2246 3004 Lineaein

397 3024 528 3119 queuis
542 3023 671 3118 pagina
684 3044 732 3117 42
748 3028 993 3096 numerantur.
1030 3021 1119 3096 FoIii
1138 3047 1203 3118 ¹07
1220 3019 1478 3117 primapagina
1498 3021 1554 3094 his
1576 3022 1692 3098 verbis
1706 3022 1854 3098 finitur:
1880 3019 2037 3118 Explicit
2057 3024 2189 3138 poplillo
2203 3025 2246 3102 ir

397 3119 454 3194 iob
465 3123 590 3214 fratris
614 3120 721 3194 lirome
735 3119 773 3194 dr
785 3122 908 3214 aquino
923 3117 1028 3192 Anno
1052 3118 1229 3220 Militiam
1253 3119 1493 3215 piraticingente
1504 3143 1569 3192 rnro
1579 3118 1819 3222 septuagefimo
1833 3132 1966 3216 quarto.
1988 3145 2051 3218 per
2070 3123 2245 3222 discretam

403 3218 594 3295 Conrodum
614 3217 722 3314 Fcsner
745 3215 974 3315 ricgerlmssen
988 3217 1082 3313 urlis
1094 3217 1293 3314 imprefforr‘c
1307 3222 1506 3316 magistrum.

497 3319 591 3392 Cum
608 3315 798 3390 conradum
817 3336 945 3390 einen
958 3314 1067 3388 solum
1084 3317 1250 3408 Esiingae
1266 3316 1405 3411 prelum
1421 3312 1576 3388 habuilie
1593 3316 1729 3390 conliat
1744 3337 1754 3404 ;
1768 3317 1889 3410 itaque
1901 3315 1939 3391 dc
1951 3313 2021 3387 hoo
2034 3316 2166 3394 ibidem
2178 3319 2247 3394 inr-

399 3413 551 3514 prelium
566 3413 682 3497 fuisse,
707 3416 801 3488 haud
817 3413 1051 3488 dubitandum
1065 3415 1142 3490 erit.
1186 3417 1267 3488 Iiao
1282 3415 1326 3487 de
1341 3415 1497 3487 editione
1511 3434 1577 3486 nec
1599 3433 1856 3500 unrrrnrrru.
1883 3436 1952 3488 neo
1964 3433 2070 3488 unvu
2093 3417 2132 3490 in
2149 3415 2246 3505 Bibl.

399 3513 540 3612 vniuerſs
563 3514 782 3588 mentionem
794 3512 964 3586 iecerunt.

398 3694 509 3782 VIII.
534 3693 703 3780 IoannIs
719 3690 850 3778 Nider
867 3689 973 3777 Ord.
992 3688 1173 3784 Praedic.
1189 3688 1408 3778 Trastatus
1429 3689 1481 3776 de
1501 3691 1790 3777 Mercatorum
1812 3685 2153 3787 contradiuibue
2184 3688 2248 3778 st·

360 3933 363 3940 Ι
515 3834 571 3900 ne
595 3811 718 3904 anni,
735 3809 816 3892 loci
830 3861 843 3902 ,
874 3809 916 3896 &
939 3804 1193 3922 typographi
1214 3804 1387 3898 indIcio.
1417 3807 1459 3888 ln
1475 3805 1563 3912 fol:

499 3986 594 4062 Cum
607 3985 774 4080 praesens
787 3984 955 4061 trallatus
973 3986 1248 4084 praecedentem
1262 3981 1503 4080 subsequitur,
1530 3983 1729 4084 eodemque
1748 3985 1950 4076 charatiere
1972 3985 2124 4063 excusus
2139 3985 2250 4061 habe·

400 4099 460 4162 tur
482 4107 493 4178 ;
518 4087 930 4180 eodemquoqueanno,
959 4089 996 4160 dr
1011 4087 1090 4160 Ioco
1104 4084 1266 4159 iuiucem
1281 4083 1465 4180 prodiilie‚
1485 4085 1603 4158 nulius
1620 4085 1755 4160 dubito.
1791 4085 1899 4160 Foliis
1913 4085 2087 4160 sexdecim
2101 4085 2251 4160 absolui·

314 4235 319 4254 .
400 4199 480 4269 tur,
506 4184 545 4260 δι
561 4183 676 4259 nullas
689 4182 842 4258 initiales
854 4183 1007 4268 litteras,
1025 4201 1087 4258 aut
1099 4183 1282 4268 custodes,
1305 4183 1422 4256 nullas
1440 4182 1656 4276 signatum,
1680 4181 1870 4278 ¹nullosque
1898 4185 2108 4278 paginarum
2122 4202 2251 4255 nume·

399 4307 459 4360 ros
471 4281 629 4360 exhibet.
675 4282 833 4369 Quaeuis
860 4283 989 4380 pagina
1005 4305 1049 4378 37
1075 4281 1320 4380 completiitur
1341 4281 1465 4356 lineas.
1505 4277 1742 4357 Distintiionis
1761 4278 1900 4375 signum
1923 4293 2065 4379 praeter
2077 4278 2250 4378 punitum

399 4384 536 4458 nullum
549 4380 644 4456 aliud
665 4381 828 4454 occurrit.

498 4481 540 4554 Iu
551 4481 669 4555 fronte
684 4480 802 4576 operis
815 4478 943 4573 legitur
958 4501 966 4551 :
993 4476 1119 4576 Incipit
1137 4476 1299 4552 trabatur
1314 4477 1354 4551 de
1369 4471 1589 4550 contrcliibm
1603 4473 1836 4550 Mercatnram
1852 4472 2040 4552 Reuerendi
2049 4473 2249 4574 potrissru·

401 4576 466 4651 tris
480 4575 619 4651 Iobatis
640 4577 847 4677 Niderfixcre
864 4577 1023 4673 theologie
1035 4575 1227 4676 profiffcric
1239 4577 1366 4650 ordinis
1376 4573 1633 4672 predicatorum.
1649 4575 1742 4664 Quid
1758 4573 1878 4648 auiior
1891 4577 1930 4652 in
1942 4575 2011 4652 hoc
2026 4597 2134 4674 opere
2148 4595 2250 4669 prae·

399 4675 491 4750 stare
508 4673 622 4762 velit,
648 4673 797 4772 sequens
810 4675 982 4772 praelatio
1011 4699 1077 4750 nos
1097 4675 1212 4750 docet.
1241 4673 1325 4749 Cum
1352 4685 1570 4747 recreatorum
1597 4675 1735 4770 officium
1762 4684 1812 4746 tot
1840 4671 1992 4776 srcspceliic
2027 4669 2249 4748 contrnliibcc
2408 4763 2411 4774 .

311 4797 314 4804 ·
402 4775 695 4849 circumuolctcsc
720 4773 872 4870 noscatur
885 4775 1039 4847 teoderico
1052 4787 1204 4869 ternpore.
1225 4787 1261 4846 ul
1274 4775 1404 4868 ruperti
1417 4773 1604 4846 animarum
1620 4773 1736 4845 medici
1748 4775 1864 4872 irisium
1882 4775 1926 4849 ab
1940 4778 2056 4872 iniusto
2078 4774 2138 4846 uix
2155 4771 2249 4843 trale-

399 4885 461 4948 unl
473 4869 665 4968 discernere.
694 4801 1040 4969 Idcirco-fumosorum
1054 4873 1221 4948 deiferum
1236 4874 1374 4944 inlicitus
1378 4867 1556 4970 sentenciis
1577 4872 1691 4986 princi
1713 4871 1812 4945 aliter
1829 4895 1916 4946 nunc
1928 4897 2001 4970 prop
2013 4893 2092 4944 ono.
2105 4867 2254 4946 lentiore.
2399 4923 2402 4930 -

400 4973 559 5046 rnolnios
583 4974 726 5065 quinque
738 4973 772 5044 in
787 4971 935 5046 lottidem
950 4974 1116 5068 capitulis.
1157 4972 1272 5047 Prima
1288 4969 1416 5066 pagina
1441 4969 1516 5042 folii
1531 4969 1665 5066 quinti,
1687 4897 1783 5042 sinen
1800 4993 1820 5060 5
1847 4972 2000 5060 primum
2014 4968 2139 5042 delinit
2151 4967 2249 5142 crpi-

398 5071 526 5146 tulum.
564 5067 698 5144 Aueria
714 5071 786 5144 folii
806 5093 845 5162 ¹5
865 5071 1015 5165 pagina,
1038 5071 1132 5144 linea
1147 5093 1242 5144 nona
1256 5067 1412 5168 Explicit
1428 5067 1601 5164 proflatur.
1628 5065 1668 5142 de
1680 5065 1902 5145 coiit-rmillas
1925 5081 2152 5145 nccrculorrim.
2214 5087 2247 5140 r·-

399 5169 536 5243 uerendi
570 5170 792 5266 olrissralris
808 5167 944 5242 inticis
960 5167 1153 5265 iridersucre
1169 5167 1327 5266 theologie
1352 5165 1546 5268 proseſjoris
1561 5165 1688 5242 ordinis
1705 5167 1963 5266 predicatorum.
1997 5169 2113 5244 I'aruo
2137 5164 2246 5263 spatio

398 5192 606 5351 interiecit,
632 5265 1111 5363 sequunturloannismom
1127 5266 1351 5343 OrdPraed.
1378 5263 1435 5340 sex
1448 5267 1587 5342 articuli
1601 5281 1725 5342 contra
1753 5265 2022 5369 impugnatores
2045 5263 2247 5366 priuilegio,

399 5383 482 5444 tum
494 5362 563 5442 FF.
582 5364 706 5444 Praed
723 5367 785 5465 qui
805 5366 878 5443 lolii
889 5363 1066 5464 sequentis
1079 5365 1201 5442 auersa
1211 5367 1340 5468 pagina
1354 5365 1602 5444 terminantur.

1268 5465 1348 5560 X3
2129 5457 2194 5544 lli.
