5400 6284
1006 487 1008 492 Ι
1146 494 1474 641 *⁸0⁹ss
1630 491 1634 500 ¹
1745 466 1747 471 ·
2172 435 2309 651 ι6’1

322 810 341 824 .
372 743 650 843 sliatelequitur
672 737 861 840 prologus,
893 735 955 834 qui
968 731 1044 814 folii
1059 746 1108 832 38
1124 732 1290 809 columna
1303 731 1568 832 primadeliuit.
1609 731 1788 816 Columna
1801 736 1955 816 secunda
1968 742 2247 844 opuaalphabm

253 871 277 896 ·
385 847 457 924 tice
470 836 827 942 dispositumaverbo
845 833 1023 932 Ahfhlutio
1045 833 1178 929 incipit.
1211 831 1348 907 Littera
1364 829 1411 910 lh
1439 830 1593 910 secunda
1618 835 1691 912 folii
1720 859 1786 928 rr3
1807 839 1975 914 columna
2002 845 2241 940 terminatur;

385 946 491 1022 tertia
507 963 593 1018 vero
620 937 744 1034 Incipit
758 933 1119 1034 tabala'pantheologie
1134 932 1242 1029 operis
1259 929 1377 1008 eninrii
1396 955 1460 1029 per
1480 931 1699 1032 listinlliones
1709 931 1778 1032 suh
1807 936 1924 1012 ordine
1941 937 2114 1037 alphabeti
2126 945 2242 1040 prima

376 1040 443 1143 sesh
457 1039 507 1117 A.
529 1037 717 1114 Eiusmodi
738 1032 880 1109 tabulae
896 1030 1040 1128 lingulis
1051 1032 1180 1106 litteris
1193 1030 1371 1106 subnexae
1390 1031 1626 1127 reperiuntur.
1666 1032 1728 1109 Ad
1740 1033 1849 1110 linem
1862 1036 1966 1132 primi
1981 1040 2070 1115 tomi
2087 1040 2241 1137 legitur:

384 1138 518 1220 Summe
530 1137 729 1235 raynerium
740 1135 851 1232 prima
861 1155 955 1228 pars.
971 1155 1071 1226 quom
1094 1133 1162 1205 alio
1178 1140 1299 1204 uocant
1312 1131 1442 1203 nomine
1449 1131 1721 1228 pontheologiom
1728 1133 1814 1230 sinit
1822 1129 1994 1228 feliciter)

480 1237 617 1312 Tomus
630 1231 804 1308 secundus
816 1232 941 1327 incipit
954 1252 975 1303 a
990 1229 1108 1303 littera
1121 1230 1164 1305 L.
1188 1226 1249 1303 Ad
1263 1228 1399 1304 calcem
1428 1229 1547 1325 operis
1570 1227 1724 1327 sequens
1776 1232 1888 1307 rolixa
1902 1234 2010 1309 nimis
2037 1232 2240 1335 substriptio

380 1334 540 1432 legitur:
565 1331 624 1408 Ab
637 1355 726 1405 anno
740 1330 901 1405 donsinice
920 1330 1174 1402 incarnationis.
1196 1324 1373 1426 Millestnro
1391 1327 1536 1422 quadsin
1561 1331 1709 1428 entestmo
1748 1335 1964 1429 eptuageſsmo
1989 1346 2125 1430 quarto.
2152 1334 2244 1414 liber

261 1463 268 1468 ·
376 1433 617 1534 pantheologia
635 1445 855 1530 nuncupatus.
870 1453 936 1501 non
950 1425 1039 1524 usum
1051 1449 1161 1514 rerum
1179 1423 1306 1498 homiui
1313 1355 1685 1522 speculumsahricons.
1701 1429 1738 1502 in
1751 1453 1816 1524 quo
1829 1431 1931 1527 fisum
1961 1431 2141 1531 conspiciat
2159 1431 2239 1511 con·

382 1532 534 1608 ditarem
548 1556 615 1606 non
628 1542 817 1604 mouturam
829 1522 1022 1624 cognoscere
1042 1524 1160 1599 docens
1186 1525 1353 1598 naturalis
1371 1523 1542 1624 utphilo'fh
1565 1523 1633 1600 hia.
1653 1550 1719 1600 non
1740 1525 1901 1602 hominem
1924 1530 2115 1607 conclutlere
2141 1559 2153 1606 .·
2180 1557 2240 1608 ra·

384 1632 523 1705 tionalis
538 1629 808 1724 queamdmodum
819 1623 1035 1724 philosophia.
1051 1650 1118 1698 uon
1130 1627 1271 1698 uirtutes
1281 1625 1452 1717 acquirere
1467 1552 1860 1724 conhsetudinales.fiuee
1881 1638 2051 1723 tamquam
2065 1633 2240 1729 principa·

387 1733 434 1804 les
452 1753 461 1802 :
488 1728 730 1840 noratispcuu·
743 1724 957 1824 philosophia.
970 1719 1053 1799 'Sed
1064 1721 1135 1822 iqfia
1148 1726 1286 1824 existens
1306 1725 1342 1795 in
1358 1723 1502 1796 omnium
1507 1725 1717 1823 facultatum
1730 1750 1856 1822 genere.
1874 1728 2053 1824 reginaque
2078 1732 2134 1816 eui
2148 1743 2240 1806 oster

384 1838 549 1922 ceteseque
559 1823 1082 1940 pedqffpquesteutisamulantur.
1095 1817 1405 1938 osaniousahricaas.
1425 1822 1629 1938 conpluriens.
1655 1821 1695 1898 ti
1718 1825 1903 1919 acquirens.
1917 1825 2041 1940 ‘licum
2060 1829 2154 1904 arius
2186 1833 2240 1906 ia·

383 1917 1980 2120 tttltlhztthtltuith.hthhtht.thththlthtth'hltttz
2001 1924 2240 2120 huhhi'ih}

383 2126 500 2199 nitatis
515 2123 685 2196 exerciciis
699 2117 867 2218 insudare.
882 2116 1090 2194 Diuinorum
1099 2121 1346 2218 pigmentorum
1360 2117 1541 2234 appotheca
1555 2117 1677 2217 :super
1688 2118 1753 2193 mel
1767 2117 1937 2215 &sarum
1953 2119 2240 2220 certaminaque

384 2220 569 2295 edentulam
581 2217 707 2318 plebem
721 2213 856 2292 uerhum
869 2219 1044 2312 antiquam
1055 2243 1095 2292 oc
1106 2231 1254 2294 elmerum
1262 2219 1491 2316 principium:
1513 2215 1580 2292 cihi
1591 2215 1831 2319 quastsolidum
1850 2220 2020 2293 ruminare
2032 2244 2097 2294 non
2108 2233 2238 2318 potens.

339 2359 343 2366 ·
380 2317 442 2418 suo
459 2318 695 2418 predulcifflmo
716 2317 897 2410 liquamine
919 2319 988 2389 eius
999 2317 1223 2413 paradisum:
1258 2327 1396 2391 mentem
1417 2316 1566 2392 uidelicet
1586 2318 1746 2413 irrigans.
1780 2319 1939 2413 apericus.
1953 2320 2239 2490 fluerequesaci·

385 2440 464 2493 ens:
478 2415 713 2516 acsorhillore.
737 2411 939 2507 Thefiaurum
966 2395 1206 2509 defidcrahilem
1214 2412 1320 2511 super
1334 2438 1455 2489 aurum
1484 2415 1525 2492 il
1537 2414 1680 2511 lapidem
1689 2413 1873 2512 preciosam
1900 2417 2047 2490 urultum.
2067 2441 2106 2490 ac
2146 2420 2238 2494 iriae

383 2517 707 2612 uoluntatissontcm
731 2510 935 2587 concludens.
940 2513 1090 2607 feliciter
1097 2516 1192 2611 finit.
1217 2510 1288 2586 Pro
1301 2516 1395 2586 euius
1409 2513 1650 2612 confirmatione
1662 2513 1809 2612 altiffirae
1834 2515 1985 2590 trinitati
1992 2517 2237 2617 stenpliciffime·
2352 2583 2361 2590 .
2411 2589 2416 2596 ,

384 2639 447 2710 que
460 2615 579 2786 deitqqi
594 2640 604 2686 :
628 2615 766 2687 eleuatis
778 2607 941 2686 manibus.
947 2611 1113 2708 flexisque
1120 2607 1315 2710 poplitibus.
1332 2610 1429 2684 corde
1438 2613 1687 2713 profundifflme
1702 2611 1903 2702 humilitatis
1918 2613 2079 2689 inclinato
2101 2617 2237 2714 gratias

384 2737 422 2787 se
440 2737 505 2788 ero.
570 2737 653 2785 nien.
1047 2751 1057 2768 .

417 2716 447 2806 s
477 2810 596 2885 Editio
613 2807 800 2906 praesens,
830 2829 939 2904 quam
952 2806 1074 2883 multis
1089 2805 1239 2893 additis,
1265 2805 1460 2904 multisque
1473 2805 1664 2894 distrahis,
1694 2807 1732 2886 δι
1755 2806 1831 2882 stilo
1857 2809 1988 2908 ubique
2003 2821 2145 2886 mutato
2172 2835 2237 2890 cu·

384 2906 479 2983 mult
493 2929 656 2984 racoers
671 2905 882 2984 mansino
894 2905 1037 2981 Ordinis
1051 2907 1256 2992 Minorum,
1281 2930 1325 2981 eo
1338 2905 1485 2984 maioris
1498 2905 1547 2980 est
1564 2907 1741 2993 raritatis,
1766 2929 1838 3003 quo
1863 2910 1983 2983 minus
2004 2909 2161 2985 notionis
2188 2911 2238 2988 da
2278 2923 2283 2932 “

384 3028 429 3081 ea
449 3006 605 3081 habuere
620 3005 872 3103 Bibliographi.
886 3027 1036 3086 ovicrur
1051 3006 1173 3080 laudat
1195 3006 1388 3103 quamdam
1403 3003 1476 3078 fine
1488 3004 1579 3091 loci,
1607 3006 1713 3090 anni,
1739 3005 1776 3081 ἀ
1792 3005 2005 3104 typothetae
2016 3006 2169 3096 indicio,
2195 3007 2236 3088 St

382 3104 694 3221 tresaKpburger
709 3127 805 3180 anno
824 3127 918 3201 ¹474
941 3104 979 3180 &
996 3125 1111 3202 1472,
1140 3105 1178 3181 δι
1201 3111 1292 3200 ι486
1306 3103 1521 3196 adornatas3
1544 3102 1766 3202 praesentem
1779 3127 1866 3182 vero
1888 3130 1973 3184 cum
1995 3105 2075 3183 aliia
2087 3108 2237 3208 penitae

383 3217 575 3282 rnoraurt.

397 3227 422 3301 g
481 3301 712 3376 Existentiam
730 3299 827 3375 luam
840 3299 949 3374 editio
960 3298 1049 3372 haec
1063 3297 1168 3373 debet
1184 3295 1358 3374 Gusethero
1373 3315 1533 3370 znruuu
1556 3297 1783 3394 typographo
1809 3295 2042 3392 Augustensu,
2072 3303 2134 3398 qui
2151 3326 2236 3382 eam

382 3399 511 3478 iisdem
535 3398 662 3473 litteris
677 3398 866 3496 imputat,
894 3399 1021 3494 quibus
1034 3395 1070 3474 S.
1085 3417 1290 3471 ouuaourr
1306 3395 1455 3566 epiplolas
1480 3413 1560 3489 pag.
1576 3415 1637 3489 43.
1662 3395 1708 3470 N.
1721 3395 1822 3472 XLV
1842 3393 1880 3472 ὅ(
1893 3418 2029 3472 urraca
2046 3396 2234 3495 Sqnouima

384 3497 616 3574 elucubrauit
657 3497 767 3572 Extat
792 3519 935 3596 quoque
958 3498 996 3571 in
1019 3495 1244 3571 Bibliotheca
1264 3495 1345 3569 Bux
1375 3489 1553 3583 eimenli,
1590 3495 1649 3569 cui
1672 3515 1736 3591 per
1760 3494 1938 3590 Legatum
1960 3517 2142 3572 auruum
2168 3499 2233 3575 ad·

287 3665 289 3669 .
324 3667 326 3672 ,
383 3609 545 3674 uenerat.

481 3713 739 3779 aaruuuras,
766 3703 873 3788 gente
887 3690 1019 3790 Italus,
1043 3690 1155 3789 patria
1168 3687 1337 3774 Pisanus,
1368 3688 1511 3765 Ordinis
1539 3685 1576 3766 S.
1601 3709 1810 3766 noururcr
1827 3690 2054 3778 Monachus,
2077 3687 2233 3769 Theolo·

351 3841 358 3850 -
382 3815 476 3890 gns,
506 3816 549 3868 ac
569 3790 840 3869 Iurisconsultus
854 3789 1228 3876 consummatissimus,
1255 3789 1375 3864 floruit
1391 3787 1505 3863 leculo
1520 3787 1606 3864 XIV
1627 3789 1748 3865 medio
1761 3791 1901 3865 circiter
1913 3805 2089 3866 currente.
2133 3791 2231 3869 Obiit
2439 3867 2442 3874 .

384 3915 458 3968 uon
474 3890 545 3965 fine
569 3891 664 3966 fama
684 3889 873 3966 sanititatis
886 3893 978 3965 circa
993 3913 1127 3964 annum
1142 3889 1191 3962 Μ.
1205 3889 1309 3964 CCC.
1320 3887 1377 3962 Ll.
1403 3887 1502 3984 Opus
1521 3886 1684 3984 praesens
1702 3886 1860 3986 scripsit,
1895 3913 1942 3963 ex
1962 3889 2228 3978 famosioribua,
2360 3943 2363 3948 -

362 4069 364 4074 ,
384 3991 543 4087 quiante
557 3989 668 4085 ipsum
685 3991 871 4075 vixerant,
895 3989 1093 4085 theologis,
1118 3986 1235 4061 sacrae
1252 3986 1443 4083 scripturae
1455 3988 1706 4083 interpretibus
1727 4043 1737 4072 ,
1764 3989 1801 4066 be
1828 3987 2016 4063 canonistis
2038 3990 2230 4064 concinna·

263 4097 265 4116 '
383 4102 461 4165 tum
481 4143 492 4174 ,
523 4089 561 4165 δι
575 4087 613 4161 in
629 4085 857 4162 commodum
872 4087 1042 4163 loliorum
1055 4085 1180 4161 ordine
1194 4085 1416 4184 alphabetico
1431 4085 1601 4182 digestum
1617 4140 1629 4174 ‚
1652 4088 1710 4160 cui
1724 4086 1851 4184 posteri
1865 4086 2010 4163 titulum
2025 4087 2231 4163 indiderunt

383 4187 638 4285 Pantheologio.
664 4208 818 4267 oraria
833 4187 874 4261 T.
891 4187 907 4260 1
920 4184 1039 4285 script.
1057 4183 1181 4260 Praeol
1207 4207 1241 4282 p.
1256 4188 1280 4262 6
1283 4207 1338 4278 35.

472 4306 531 4386 Ca
544 4309 661 4385 eminus
676 4329 855 4384 ovniuvs
871 4307 910 4384 T.
927 4309 985 4383 ΙΙΙ.
1016 4305 1194 4382 Comment.
1213 4304 1323 4400 script.
1338 4301 1465 4401 Ecclrh
1476 4303 1545 4384 col.
1562 4309 1642 4394 681.
1667 4321 1878 4378 uaruuuro
1896 4303 1966 4378 hoc
1977 4301 2228 4404 opus-abiudi-

384 4430 487 4493 care,
512 4312 557 4486 A
569 4431 698 4484 curuo
723 4405 924 4509 Lonliucnst
947 4406 1129 4481 vindicare
1144 4415 1295 4480 conatus
1309 4402 1377 4494 eli,
1410 4387 1586 4476 scribens:
1631 4455 1652 4486 „
1679 4399 1831 4477 Videtur
1858 4401 2151 4500 Pantheologiam
2172 4401 2229 4481 su·

382 4558 404 4590 ,‚
432 4526 551 4578 am-
578 4503 944 4581 lc.ua1uau1vs—
970 4507 1185 4580 verbotenus
1208 4499 1597 4579 aneruolondinenlr
1622 4498 2079 4676 Archidiaconoaccepilie.
2115 4502 2229 4582 Fauet

383 4656 405 4688 „
431 4603 515 4676 huic
538 4599 730 4679 sententiae
742 4605 879 4680 nostrae
896 4603 1046 4696 timim,
1072 4603 1133 4700 qui
1158 4604 1239 4677 huic
1255 4602 1354 4698 operi
1367 4599 1564 4677 inscribitur
1587 4602 1626 4676 in
1644 4599 1800 4674 editione
1828 4601 2001 4678 Brixient
2022 4601 2107 4675 anni
2135 4615 2225 4696 ¹58¹
2336 4659 2352 4670 ..

382 4753 405 4789 ,‚
433 4701 470 4774 in
483 4723 519 4796 4.
550 4699 741 4786 nimirum,
768 4691 1010 4798 Pantheologia
1030 4699 1201 4777 Summam
1215 4699 1380 4798 ureiuerpae
1401 4697 1596 4797 Theologioe
1610 4701 1762 4772 ueritatis
1780 4724 1850 4771 cons
1873 4701 2013 4788 lenens,
2035 4699 2148 4773 oraine
2174 4701 2226 4774 al·

382 4854 405 4888 „
427 4796 602 4898 phohetico
618 4798 792 4898 dispofito,
820 4799 1025 4896 aRaqnerio
1037 4800 1076 4874 dr
1089 4800 1174 4898 Pifis
1189 4800 1316 4874 ordinis
1332 4799 1606 4873 praedicatorum
1621 4801 1800 4896 recognita.
1839 4727 1986 4872 heiriae
2012 4822 2099 4871 anno
2133 4811 2222 4886 1581

382 4953 405 4992 „
429 4902 464 4974 in
478 4920 514 4988 4.
531 4922 563 4974 a.
585 4895 664 4973 Vol.
707 4899 789 4974 Hoc
801 4900 898 4976 enim
911 4899 1014 4974 titulo
1036 4898 1250 4984 insinuatur,
1273 4918 1528 4973 unumunurm
1552 4897 1598 4972 de
1615 4895 1699 4997 Pihs
1719 4921 1791 4969 non
1816 4895 1913 4970 suilie
1940 4897 2092 4992 primum
2118 4896 2226 4972 huius

380 5051 403 5090 „
427 4997 628 5083 authorem,
655 4995 931 5076 sedilludantea
950 4987 1277 5095 abahoscriptum‚
1305 4996 1432 5071 ordine
1444 4996 1665 5094 alphabetico
1678 5008 1818 5068 tantum
1832 4992 2165 5094 dispoluille‚atque
2178 4995 2225 5070 ad

379 5150 402 5185 „
427 5097 581 5194 priorem
608 5119 732 5172 nurui
752 5094 981 5172 Londiueusrs
1007 5095 1261 5173 Archidiaconi
1285 5093 1576 5194 compofitionem
1604 5091 1855 5188 recognouilse.
1880 5147 1900 5180 „
1947 5093 2081 5169 Mirum
2099 5107 2222 5180 certe,

381 5215 572 5274 ovoruvu
587 5198 760 5326 maiorem
774 5194 882 5274 iidem
896 5195 1000 5276 unius
1016 5196 1182 5276 editionis
1196 5195 1300 5276 titulo
1315 5195 1484 5276 adbibere
1498 5191 1665 5282 voluille,
1692 5215 1800 5291 quam
1823 5193 1985 5298 centenis
2001 5194 2101 5282 aliis,
2129 5205 2222 5288 quae

2081 5315 2175 5367 aar·
