5400 6284
400 792 499 884 xv.
529 787 726 877 Pharum
746 733 1042 889 annonam,
1071 791 1116 882 u
1134 789 1242 877 area
1265 786 1336 879 ss,
1357 787 1593 878 umorum
1619 845 1632 888 ,
1660 779 2011 907 philosophatum
2035 819 2057 884 ,·
2079 733 2249 877 anoc-

259 943 277 948 ··
372 1021 375 1028 ¹
519 897 655 991 tarum
674 905 819 990 ordine
836 905 1107 1019 alphabetico
1124 899 1316 1020 dispofita
1341 913 1580 1000 continens,
1602 907 1645 988 in
1667 905 1741 999 sol,
1760 935 1872 1021 mag.

497 1103 597 1199 Opus
611 1099 701 1184 hoc,
726 1098 823 1196 quod
835 1098 929 1174 loliis
944 1108 1015 1193 360
1031 1097 1193 1183 constat,
1215 1100 1278 1174 vix
1290 1089 1363 1172 non
1377 1099 1412 1172 in
1429 1100 1623 1188 omnibus,
1648 1102 1842 1176 concordat
1855 1123 1938 1174 ctun
1954 1095 2053 1195 supra
2073 1113 2252 1176 memora·

399 1215 462 1296 to·;
487 1200 618 1277 eodem
632 1198 729 1272 enim
751 1199 953 1274 cluratiere
972 1199 1020 1274 est
1032 1196 1248 1297 impressum,
1266 1197 1438 1272 eamdem
1453 1199 1598 1275 chartae
1609 1200 1786 1286 sormam,
1812 1224 1855 1274 uc
1873 1200 1969 1274 idem
1993 1198 2160 1274 chartarii
2187 1193 2252 1289 fig·
2382 1251 2389 1264 ,

398 1327 487 1379 num
511 1297 779 1396 repraesentat,
805 1298 877 1382 ita,
904 1311 944 1371 vt
962 1298 1107 1372 dubium
1126 1297 1222 1370 haud
1235 1296 1302 1381 su,
1328 1320 1373 1368 ex
1387 1296 1515 1372 eadem
1530 1299 1698 1385 officina,
1725 1300 1925 1394 eodemque
1936 1313 2098 1395 tempore
2115 1293 2200 1370 illud
2214 1295 2252 1370 in

315 1423 322 1436 ⁸
386 1401 517 1477 lucem
539 1393 711 1495 prodiisse.
761 1394 843 1470 Fuit
858 1419 1000 1492 quoque
1014 1412 1152 1472 emtum
1166 1397 1404 1470 eodemanuo
1426 1396 1860 1476 amonasteriosauccnsr.
1888 1411 1927 1469 vt
1942 1393 2012 1471 iam
2031 1395 2132 1490 serpen
2160 1390 2252 1466 uidi·

261 1503 264 1514 '
399 1521 494 1576 mus.
543 1498 651 1570 Caret
663 1492 883 1578 custodibus,
909 1494 1117 1589 signaturis,
1146 1495 1184 1571 da
1199 1496 1410 1590 paginarum
1425 1496 1594 1572 numeris.
1644 1498 1802 1572 initiales
1821 1497 1960 1568 litterae
1976 1497 2149 1590 adparent
2162 1513 2252 1566 aum
2347 1511 2350 1516 ·

398 1596 572 1708 insignes,
586 1589 942 1764 latcminiodepiiiae.
978 1591 1148 1689 Singulae
1161 1594 1312 1691 paginae
1324 1593 1414 1668 duas
1426 1594 1710 1691 compleiiuntut
1726 1595 1932 1679 columnas,
1947 1593 2134 1669 column'ae
2147 1591 2251 1688 quin·
2344 1659 2357 1680 ,

427 1717 473 1771 ua
500 1708 572 1768 ruta
600 1711 709 1766 luens.
2256 1747 2265 1758 .

399 1718 443 1841 q·-
475 1717 775 1866 gPraemittuntur
793 1790 891 1888 operi
906 1789 1102 1886 praefatio,
1140 1789 1349 1878 doliorum,
1374 1814 1528 1890 quorum
1544 1791 1773 1868 auiioritates
1797 1844 1806 1876 ,
1845 1790 1884 1866 de
1909 1787 2001 1862 ditia
2017 1787 2163 1862 adducit
2186 1808 2252 1862 au·

399 1890 474 1966 tior
493 1944 502 1974 ,
535 1889 703 1971 nomina,
728 1889 1029 1986 materiarumque
1043 1890 1176 1975 index,
1209 1914 1300 1986 quae
1315 1893 1433 1988 priora
1448 1893 1506 1966 sex
1522 1891 1606 1966 solia
1622 1902 1808 1987 occupant.
1843 1889 2020 1962 Praelatio
2035 1887 2106 1961 stne
2121 1885 2250 1969 titulo,

398 2006 462 2066 aut
475 1987 698 2084 inscriptione
713 1986 859 2082 incipit,
876 1989 913 2061 in
928 2010 1094 2084 quacum
1109 1990 1300 2085 persenam
1326 1992 1437 2063 totius
1450 1992 1568 2086 operis
1581 1990 1822 2083 cognitionem
1837 1986 1945 2061 lesior
1960 1986 2112 2082 quiaque
2131 1981 2250 2058 bauti·

319 2118 324 2128 ¹
398 2087 573 2186 repulsit,
595 2107 676 2160 eam
689 2086 806 2181 quoad
819 2086 1014 2161 maximam
1028 2102 1166 2183 partem
1180 2087 1397 2172 exscribere,
1422 2089 1564 2184 placuit.
2305 2173 2311 2182 ,

507 2183 549 2258 In
565 2186 782 2276 conucrfionis
794 2207 860 2258 enee
869 2186 1024 2282 perordio
1041 2212 1114 2259 cum
1125 2212 1189 2284 pro
1203 2189 1321 2261 neentis
1344 2189 1548 2268 recreatione
1553 2183 1743 2284 finitionum
1757 2182 1972 2259 autioritates
1985 2183 2121 2279 legerem
2147 2177 2186 2255 85
2203 2179 2251 2253 ie·

264 2335 268 2342 -
400 2282 507 2385 gendo
525 2285 637 2357 uariae
649 2284 844 2378 perciperem
866 2285 1107 2381 corruptiones.
1144 2286 1184 2361 V
1181 2285 1319 2386 esumess
1335 2283 1416 2359 milri
1421 2285 1573 2389 securum
1590 2283 1631 2361 8
1644 2283 1765 2358 bonum
1778 2295 1814 2356 ut
1831 2279 2130 2380 ndipfitmsontene
2145 2279 2252 2392 oripi·

400 2385 528 2459 natium
540 2405 739 2457 recurrerem
753 2378 794 2456 et
807 2379 849 2456 ob
860 2382 1016 2456 maiorem
1029 2384 1255 2457 certitudinem
1268 2383 1399 2481 ipsemet
1411 2408 1614 2482 excerperem
1630 2385 1822 2478 reliquaque
1835 2379 2038 2480 posmodum
2054 2379 2250 2474 diligencrur
2329 2467 2333 2480 ι
2425 2407 2432 2432 ·

399 2478 598 2595 ordinarem.
646 2467 893 2595 Quatenuraque
905 2478 1164 2594 addeuotiouene
1179 2481 1218 2555 &
1235 2484 1491 2578 predicationem
1510 2484 1561 2556 uel
1575 2484 1675 2556 etiarn
1689 2481 1735 2554 ud
1746 2478 2003 2593 disputacioncm
2025 2480 2250 2589 utiliojotent

395 2578 522 2680 peffent
535 2575 655 2652 ibidem
659 2578 804 2673 seuleus
817 2601 961 2651 inuenere
975 2575 1268 2693 Semtauternioe
1281 2580 1419 2675 quilibet
1432 2583 1529 2654 letior
1544 2581 1643 2654 buius
1663 2578 1805 2678 opuscula
1820 2576 1910 2672 quod
1920 2575 2116 2690 quandoque
2142 2595 2250 2688 repere
2308 2609 2312 2616 ·

398 2676 548 2776 diuersos
562 2674 604 2752 Θ
612 2675 725 2772 plures
738 2673 883 2750 doHorer
894 2701 995 2750 unum
1019 2674 1059 2752 85
1069 2675 1154 2751 edem
1168 2676 1295 2776 dexiffe.
1344 2679 1520 2772 uaudoque
1534 2704 1611 2752 aero
1630 2677 1789 2753 duriorem
1801 2675 1935 2750 eundern
1949 2677 1986 2749 in
2001 2675 2136 2774 deuerfis
2152 2657 2252 2746 seirrer

397 2778 485 2852 idem
500 2772 540 2849 Θ
551 2797 653 2846 vnum
665 2773 764 2845 aliter
771 2772 916 2870 profecisse.
944 2772 1144 2872 opusculum
1158 2776 1257 2850 etiam
1265 2678 1397 2875 erficere
1408 2779 1500 2852 uolui
1508 2775 1702 2873 pleuretrom
1716 2772 1902 2873 appellari,
1926 2775 2103 2873 quin-ficut
2115 2772 2152 2845 in
2187 2769 2250 2842 stn-

328 2897 333 2908 ··
398 2885 493 2951 retra
511 2869 752 2968 balistariorum
766 2869 898 2967 diuersa
911 2872 1021 2946 iacula
1033 2886 1241 2971 reponuntur
1261 2874 1383 2970 quibus
1396 2876 1493 2973 bostis
1507 2876 1621 2977 sculum
1629 2873 1695 2972 suo
1710 2887 1852 2971 tmepore
1856 2874 1946 2970 serit
1963 2873 2117 2947 uulnmat
2192 2867 2251 2942 de·

399 2971 509 3046 uincit
520 2966 580 3045 Sic
589 2970 689 3042 etiarn
702 2971 738 3043 in
756 2968 816 3043 luc
828 2967 936 3043 libello
950 2975 1160 3069 uarieforles
1174 2971 1214 3049 8
1227 2976 1327 3048 multe
1332 2987 1504 3072 ponuntur
1521 2973 1560 3050 Εἴ
1574 2976 1792 3048 inueniuntur
1803 2971 2016 3046 noueremus
2029 2968 2071 3046 pe
2079 2962 2252 3065 diiiafiue-
2338 2983 2346 3006 ³

323 3149 325 3154 .
398 3068 525 3145 uorum
537 3066 702 3142 dodanum
720 3065 761 3143 Θ
778 3068 1197 3168 oliorumpbisosopsmrum
1211 3070 1251 3148 ΕΞ
1261 3085 1433 3170 poetarum
1436 3074 1509 3172 fide
1524 3073 1699 3170 dignorum
1712 3093 1795 3168 quas
1800 3074 1832 3169 fi
1849 3071 1966 3265 linpua
1977 3068 2110 3184 puriter
2125 3063 2165 3143 i!
2175 3065 2252 3140 ina·
2319 3061 2328 3088 ⁸
2400 3153 2406 3168 ι

398 3195 446 3245 nu
451 3168 600 3268 firmiter
611 3167 811 3240 tenuerimus
824 3170 999 3263 antiquum
1011 3169 1127 3268 hostem
1141 3174 1282 3269 nostrum
1312 3172 1350 3243 id
1362 3176 1403 3260 esi
1425 3170 1592 3245 diabolum
1618 3169 1658 3246 ὅ
1673 3168 1893 3254 reuomente
1906 3193 1935 3241 ee
1949 3169 2119 3242 inimicum
2147 3165 2185 3238 id
2207 3165 2251 3260 eli

399 3264 787 3363 quemlibetpeccatorem
803 3267 1000 3358 quantocius
1016 3262 1233 3341 deuincemui.
1260 3323 1269 3341 .
1293 3323 1302 3341 .
1329 3321 1340 3340 .
1385 3267 1452 3367 Ista
1470 3270 1633 3364 pharetra
1655 3293 1733 3342 uero
1759 3268 1845 3365 istud
1868 3262 2249 3363 opusculumsecundum

400 3362 548 3440 ordinem
562 3360 731 3458 alphabeti
739 3363 880 3461 ponitur
894 3360 934 3438 8
945 3361 1160 3465 distinguitur
1175 3375 1339 3462 matenue
1360 3364 1520 3462 quicquid
1541 3367 1576 3437 in
1596 3389 1633 3438 eo
1648 3368 1800 3459 queritur
1817 3365 1942 3438 cercius
1969 3363 2009 3440 8
2017 3362 2161 3459 facilius
2187 3359 2250 3433 sea·

400 3457 757 3655 Μωὲοῗέἷερτίωο
770 3557 881 3654 ipstnn
902 3579 995 3655 opus
1005 3559 1129 3658 incipit
1142 3583 1163 3635 a
1177 3561 1287 3636 verbo
1299 3556 1434 3637 Abbar.
1460 3559 1557 3634 Huic
1569 3558 1747 3637 subnexae
1762 3558 1841 3635 sunt
1853 3539 2079 3638 austeritates
2087 3567 2251 3731 patrum,

398 3657 539 3736 abbatis
559 3679 692 3733 munus
710 3657 975 3752 explicandum.
1016 3657 1150 3733 Auersa
1175 3660 1250 3734 solii
1269 3682 1309 3755 53
1335 3661 1485 3756 pagina,
1511 3659 1557 3733 ad
1569 3657 1742 3733 secundae
1755 3659 1942 3734 columnae
1955 3657 2064 3740 linem
2115 3657 2252 3751 equitur

277 3849 286 3858 ·
398 3759 468 3833 ern.
481 3756 527 3834 B.
556 3758 677 3832 Tertia
691 3754 765 3829 solii
778 3755 891 3831 ultimi
912 3755 1103 3843 columna,
1127 3757 1498 3857 lineaquadragesuna
1513 3758 1633 3855 operis
1646 3757 1798 3835 habetur
1807 3756 1900 3844 linis,
1916 3754 2156 3834 miueutm
2170 3747 2251 3830 lune
2293 3779 2295 3784 ·

400 3852 1224 4068 'abalieffiiiealimiigiirbng'iiffiii'iqum
1236 3954 1401 4033 inuenire
1418 3957 1519 4054 potiri
1531 3955 1709 4032 notitiam
1747 3948 1918 4030 Annona
1935 3948 2251 4032 Saonnvnuau·
2354 3957 2358 3962 '

394 4068 483 4128 aena
495 4071 612 4147 penna
625 4063 874 4138 emanauerit,
901 4052 1028 4127 dubius
1043 4053 1128 4129 inde
1139 4054 1292 4142 haereo,
1315 4057 1458 4153 eoquod
1471 4055 1644 4152 praefatio
1656 4053 1849 4153 praesentis
1863 4054 1981 4152 operis
1996 4053 2058 4128 vix
2071 4077 2146 4128 non
2159 4073 2250 4147 quo·
2350 4059 2356 4068 '

398 4149 580 4225 adomnia
592 4150 700 4223 verba
713 4149 841 4223 eadem
855 4149 915 4234 est,
945 4153 1087 4247 quaein
1101 4151 1297 4238 Plearetra,
1323 4173 1592 4235 awauoruao.
1602 4153 1907 4243 arcanarum&
1919 4152 1967 4226 ab
1978 4147 2106 4226 aliiaS.
2122 4165 2248 4221 aona

397 4269 622 4326 vanavana
638 4247 808 4322 attributa
821 4249 1017 4348 reperitur,
1047 4251 1093 4325 de
1108 4271 1179 4346 qua
1198 4272 1267 4324 nos
1282 4253 1493 4348 exemplar,
1527 4251 1623 4348 quod
1637 4245 1903 4326 inferim'inter
1912 4249 2022 4324 libros
2041 4245 2249 4323 Norimbet·
2315 4261 2321 4268 ·
2375 4231 2390 4257 ⁸

398 4367 469 4442 gae
492 4346 673 4446 impressos
681 4344 950 4438 describemus,
990 4347 1211 4446 possidemus.
1254 4349 1317 4424 ssia
1332 4351 1477 4448 quidem
1491 4351 1645 4426 breuiori
1662 4350 1742 4422 stilo
1757 4348 1810 4424 eli
1823 4359 2020 4444 concepta,
2042 4368 2085 4419 ac
2107 4345 2145 4419 in
2159 4364 2251 4441 qua·

398 4455 483 4518 tuor
508 4447 616 4521 librae
630 4445 812 4521 distributa
825 4499 835 4531 ,
848 4447 963 4521 nostre
975 4469 1064 4520 veto
1076 4446 1184 4522 fufius
1197 4445 1346 4545 scripta,
1366 4471 1408 4522 ac
1420 4448 1545 4522 orffine
1557 4447 1783 4544 alphabetico
1793 4445 1963 4543 disposrta
2011 4439 2075 4521 Au
2093 4444 2169 4518 lieri
2184 4464 2252 4539 po·

398 4540 541 4653 ruisset,
562 4543 601 4619 S.
615 4541 807 4619 Doiiorem
819 4567 911 4644 opus
923 4543 1020 4642 lapsu
1029 4546 1202 4642 temporis
1213 4551 1330 4642 magis
1341 4545 1483 4626 auxilie.
1497 4569 1542 4620 ac
1564 4546 1862 4642 vt,qui‹lquidin
1878 4569 1922 4624 eo
1936 4557 2128 4646 quaeratur
2140 4594 2154 4632 ,
2172 4551 2252 4618 cea·
2282 4615 2290 4632 ,

398 4646 494 4726 ωε,
516 4660 560 4714 ac
578 4640 719 4719 facilius
730 4644 948 4728 laberetur.
972 4641 1166 4721 secundum
1179 4645 1342 4722 ordinem
1358 4646 1622 4744 alphabeticum
1634 4644 1834 4721 distinxille.

496 4818 613 4908 xvi.
644 4775 786 4910 meae
805 4817 940 4941 episc..
962 4821 1207 4941 Hispalenfis
1231 4817 1343 4912 crue
1366 4821 1464 4922 xx.
1497 4820 1874 4944 etymologiam.
1903 4819 1948 4915 u
1964 4813 2039 4921 m.
2055 4846 2166 4940 mag.

495 4998 572 5078 Sex
585 4995 752 5098 epistolae
765 4997 984 5099 praecedent
996 5023 1113 5102 opus,
1141 4996 1344 5106 quatuoeS.
1360 5027 1513 5106 rainone
1524 5005 1571 5087 ad
1594 5019 1857 5086 annvmou‘nm
1873 4999 2086 5105 Episcopum
2101 4997 2250 5082 Caesae
2406 5027 2409 5034 ·

395 5097 659 5215 eugtrlianum.
688 5098 782 5215 diue
795 5125 1034 5219 unnvurourp
1054 5106 1203 5222 adfduas
1218 5099 1351 5206 peiores
1374 5105 1412 5186 S.
1427 5131 1580 5187 esmona
1598 5107 1845 5211 responsoriae.
1892 5101 1990 5184 Ante
2013 5108 2165 5204 primam
2196 5101 2253 5179 ie·

397 5213 546 5293 quenna
557 5194 726 5295 leguntur
738 5200 866 5275 linens
879 5204 1087 5300 capitalibus
1101 5208 1263 5303 emprelsa
1278 5231 1288 5281 ε
1303 5230 1457 5285 ruerem
1471 5231 1661 5288 neeseoan
1677 5229 1827 5286 roccone
1840 5221 2023 5286 runcones
2034 5217 2251 5282 arsennari-

394 5316 650 5412 arsaerscoea
666 5311 991 5378 eoeneuuouan
1007 5319 1400 5384 cnannnvdvsanuuru
1425 5325 1654 5388 aerscorvm.
1704 5313 1816 5387 Sexta
1830 5303 1972 5406 epistola
1999 5307 2023 5378 sc
2033 5307 2149 5382 cunda
2173 5299 2252 5374 folii
2425 5319 2431 5328 ·

328 5425 341 5438 ·
394 5391 544 5474 secundi
561 5391 947 5481 munna-induas
961 5395 1228 5503 euimlingulae
1244 5398 1490 5580 paggaesunt'
1506 5399 1748 5488 distintiae-
1770 5405 2007 5494 terminum,
2027 5408 2084 5480 cui
2100 5395 2251 5576 ῑηὺὶἧᾶι
2383 5405 2403 5454 ’-

334 5549 339 5556 -
1992 5549 1995 5554 -
2149 5523 2181 5574 e.
