5400 6284
1187 623 1512 730 *ἐξ*
1816 615 1820 622 ’
1899 703 1902 708 .
2216 649 2258 724 53

411 838 933 918 Fridericosrsccssrnnrrar
952 785 1306 932 imprefflrepistolas,
1325 819 1392 921 sed
1413 843 1478 920 qao
1499 846 1612 911 anno,
1637 815 1988 926 norperspedain'est.
2026 821 2132 900 Aorno
2153 833 2259 924 1476.

413 936 567 1017 lllicbael
579 932 950 1039 wsusnaastresocio
975 945 1214 1008 svsrrurnur
1229 922 1489 1000 Institutionum
1505 935 1658 1022 quatuor
1676 921 1785 998 libros
1797 924 1888 1022 typis
1904 925 2046 1024 eaulgnu
2062 935 2086 999 r.
2153 923 2261 1000 Juxta

414 1055 647 1114 massanum
661 1033 871 1130 Bernardus
885 1047 1151 1124 arcanumque
1175 1022 1358 1100 mannam
1379 1036 1500 1121 1482,
1526 1021 1566 1101 ss
1577 1017 1936 1104 lisiclnelwsnstsn
1951 1045 2050 1122 usque
2078 1017 2259 1102 morannum

417 1136 511 1228 1486
532 1134 629 1234 prelo
642 1133 877 1256 praesecans.

824 1307 958 1402 LXV.
989 1301 1282 1400 Biblialatina,
1326 1299 1453 1398 Tom,
1475 1299 1525 1390 ll.
1570 1303 1616 1391 in
1637 1300 1711 1400 sol,
1734 1331 1847 1424 mag,
1941 1239 1951 1250 ἢ

512 1491 609 1570 Cum
621 1489 806 1588 utriusque
819 1488 910 1564 tonu'
928 1484 1065 1564 diuersa
1078 1483 1119 1560 sit
1129 1492 1281 1585 externa
1299 1483 1432 1571 facies,
1458 1482 1634 1560 diuersam
1649 1507 1793 1585 quoque
1809 1487 1958 1584 requirit
1971 1480 2263 1585 descriptionem,

437 1614 523 1668 uam
536 1605 620 1664 ante
635 1612 696 1666 me
718 1612 826 1666 nemo
840 1585 1117 1684 bibliographiae
1132 1583 1220 1659 artis
1240 1582 1416 1661 cultorum
1430 1585 1617 1683 bucusque
1637 1585 1755 1660 facere
1775 1585 1916 1665 studuit.
1941 1587 1999 1662 Cl
2013 1607 2213 1664 mosomus
2226 1590 2264 1664 in

412 1613 512 1766 idle.
528 1687 579 1764 Le
593 1707 709 1766 noun.
724 1686 769 1764 L.
786 1688 879 1764 Part
904 1687 948 1762 ΙΙ.
968 1683 1051 1763 Vol.
1071 1682 1132 1759 lll.
1159 1706 1226 1759 cn
1254 1705 1287 1780 p.
1304 1703 1364 1780 ῖς,
1385 1684 1424 1761 dc
1437 1703 1485 1779 79
1501 1685 1712 1760 eorumdem
1727 1685 2036 1761 adumbrationem
2051 1687 2179 1780 paucis
2201 1688 2266 1763 ab·

292 1805 296 1814 ·
321 1839 326 1854 .
412 1787 517 1864 soluit
536 1810 547 1880 ς
577 1799 768 1884 utrumque
782 1797 922 1862 tomum
935 1807 958 1861 a
970 1781 1004 1857 se
1021 1783 1178 1858 inuicem
1189 1780 1323 1866 diuisit,
1355 1783 1407 1858 ita
1426 1782 1573 1858 utnulla
1596 1783 1642 1857 de
1657 1785 1702 1857 iis
1717 1785 1833 1859 bibliis
1853 1782 2006 1881 perseiia
2033 1784 2155 1860 haberi
2176 1809 2274 1883 que·.·

413 1901 452 2000 at
467 1888 603 1963 notitia
641 1885 748 1973 Quod
761 1898 884 1962 autem
896 1896 1048 1981 vterque
1060 1893 1183 1958 tomus
1198 1879 1368 1969 unicum,
1399 1882 1437 1960 dc
1458 1881 1654 1984 perfossum
1674 1883 1865 1961 constituat
1881 1905 1999 1981 opus,
2021 1883 2170 1960 inferius
2184 1886 2267 1982 plu·

414 1983 826 2182 nbusinoffiustsmpirimus,
849 2082 912 2182 qui
925 2101 1040 2178 nsque
1056 2077 1104 2156 ad
1116 2055 1343 2154 snionrortrs
1356 2076 1544 2157 Proanbia
1556 2071 1791 2179 progreditur,
1812 2077 1897 2155 solia
1911 2101 1984 2157 220
2007 2077 2263 2176 complestitur,

415 2181 617 2258 charaiiere
631 2185 776 2277 gothico
788 2180 1003 2265 maiuscula,
1030 2180 1182 2278 pingui,
1218 2180 1398 2276 inaequali
1407 2180 1608 2255 'admodum
1629 2232 1640 2265 ,
1665 2202 1708 2255 ac
1726 2179 1887 2276 sculpto,
1917 2179 2062 2253 chartae
2082 2181 2264 2264 mundae,

414 2280 565 2365 minae,
604 2279 664 2356 sed
676 2283 795 2358 minus
810 2281 941 2379 politae
955 2277 1005 2354 est
1017 2277 1211 2376 impressus
1246 2277 1461 2355 chartariis
1510 2300 1574 2353 um
1588 2277 1726 2354 Littera
1736 2277 1786 2354 l).'
1794 2299 1903 2375 quem
1915 2277 2013 2353 stilus
2025 2300 2073 2351 ex
2093 2299 2163 2352 vna
2184 2299 2270 2372 par·-

413 2393 452 2456 te
466 2379 503 2455 in
518 2380 717 2466 annulum,
749 2403 797 2456 ex
807 2380 919 2455 altera
932 2378 970 2453 in
981 2395 1128 2452 crucem
1138 2374 1302 2452 desinens
1318 2375 1438 2464 sec‘at,
1475 2378 1683 2453 olummodo
1694 2377 1917 2476 conspicitur.
1951 2377 2111 2463 Quaeuis
2134 2378 2272 2471 pagina·

413 2482 451 2554 in
479 2480 569 2554 duas
592 2479 643 2556 est
667 2461 825 2554 distinsta
851 2467 1074 2558 columnas,
1117 2491 1273 2568 quarum-
1305 2478 1496 2572 quaelibet·
1512 2499 1562 2568 50
1599 2475 1714 2551 lineas
1744 2475 2026 2574 comprehendit.
2102 2474 2184 2551 Tria
2210 2475 2268 2560 di-
2408 2565 2415 2572 .

411 2577 606 2654 stibiiionis
632 2575 730 2670 signa
758 2574 1018 2657 obseruant-rr,
1059 2571 1230 2668 punctum
1260 2570 1415 2662 scilicet,
1432 2591 1437 2602 ·
1457 2573 1590 2658 colon,
1625 2575 1664 2652 dt
1692 2573 1982 2668 interrogationis
2005 2574 2154 2670 signum.
2188 2573 2271 2651 lit-¹

412 2688 492 2752 tera
504 2675 569 2752 lod
580 2673 703 2774 puntbi
716 2674 796 2750 loco
817 2672 985 2747 lineolam
997 2669 1059 2746 sibi
1072 2670 1180 2743 habet
1195 2669 1404 2765 impositam.
1417 2697 1433 2732 ..·
1451 2670 1586 2746 Desunt
1602 2671 1786 2757 custodes,
1814 2673 2038 2768 signaturae,
2063 2673 2102 2749 dc
2118 2673 2267 2770 pagina-

412 2771 660 2849 rumnumeri.
699 2765 1456 2864 Litterasinitialesatypographoomilsas
1470 2769 1630 2868 adposuit
1654 2769 1880 2847 miniculator
1898 2769 2044 2846 diuerfis
2068 2772 2152 2846 binc
2180 2772 2267 2848 inda

357 2909 362 2926 ι
414 2870 602 2970 coloribus·
616 2884 832 2946 exornatas-
860 2869 970 2946 Tituli
983 2867 1269 2953 tamlibrorum,
1297 2889 1407 2963 quam
1423 2869 1580 2965 capitum
1592 2869 1678 2945 niilli
1702 2871 1877 2967 adparent
1895 2868 2046 2964 impressi
2065 2892 2075 2960 ;
2096 2871 2157 2943 vix
2198 2893 2265 2944 uo·

345 3006 350 3015 ·
414 2991 487 3067 que
508 2979 655 3044 tantum
676 2967 825 3065 spatium
840 2990 994 3044 vacuum
1006 2966 1148 3062 reliquit
1160 2969 1417 3064 typographus,
1444 2983 1618 3065 quantum
1643 2968 1690 3045 ad
1704 2971 1851 3046 eosdem
1871 2967 2147 3046 inscribendoss
2193 2989 2266 3044 rce-

414 3082 482 3147 ret.
521 3066 806 3142 Abbreuiaturae
819 3064 897 3142 sunt
915 3067 1021 3141 nimis
1037 3064 1253 3159 srequentes.

507 3168 549 3240 ln
566 3165 681 3262 prima
702 3165 776 3241 folii
795 3165 1079 3262 primicolunrna
1096 3164 1219 3257 incipit
1236 3161 1272 3238 S.
1288 3185 1528 3241 nrsnorarrnrr
1544 3166 1696 3269 Epistola
1710 3169 1756 3242 nd
1768 3187 2003 3255 nevernum,
2031 3190 2124 3265 quae
2139 3165 2264 3242 secun·

416 3266 462 3338 da
474 3265 548 3336 solii
564 3268 660 3338 tertii
671 3265 839 3339 columna
851 3266 946 3339 linea
962 3285 1004 3357 35
1023 3267 1246 3336 ternunatur.
1299 3269 1403 3336 iliam
1417 3269 1620 3340 immediati·
1634 3270 1794 3342 eiusdem
1812 3264 1917 3339 saniil
1932 3268 2100 3363 prologus
2124 3267 2163 3340 in
2174 3265 2265 3340 Pen-

415 3361 600 3435 rotrardum
618 3364 773 3458 excipit,
799 3363 901 3438 cuius
917 3363 999 3437 sinis
1038 3377 1139 3434 unrta
1154 3359 1313 3433 eiusdem
1330 3361 1496 3435 columna
1517 3363 1610 3454 linea
1623 3365 1788 3456 vigesima
1799 3362 2017 3459 conspicitur.
2061 3364 2155 3438 Tum
2173 3363 2266 3438 liber

420 3457 553 3556 Genafis
565 3458 711 3557 incipit,
741 3463 803 3556 qui
826 3383 1064 3536 lacunaris
1078 3484 1119 3534 21
1138 3459 1325 3543 columna,
1350 3458 1444 3532 linea
1460 3459 1605 3557 septima
1629 3462 1762 3535 linitur.
1810 3463 1928 3536 Prima
1942 3461 2017 3536 l'olii
2031 3459 2263 3538 ducentesimi

415 3557 582 3632 columna
602 3558 749 3633 inchoat
771 3556 810 3636 S.
826 3579 1066 3634 rauranum
1079 3556 1248 3653 prologus
1260 3557 1299 3631 in
1314 3556 1538 3652 Psalterium,
1566 3561 1603 3635 dc
1617 3559 1889 3653 undetrigesima
1901 3562 2059 3636 eiusdem
2073 3559 2263 3636 columnae

414 3656 508 3733 linea
526 3652 684 3732 psalmus
698 3657 845 3754 primus.
903 3655 1037 3733 Desunt
1050 3655 1260 3752 psalmorum
1274 3657 1390 3740 tituli,
1417 3657 1628 3742 (inumeri,
1644 3680 1737 3754 quos
1750 3659 1880 3733 adiecit
1895 3660 2145 3757 calligraphus.
2168 3658 2263 3734 Psal-

414 3757 494 3843 mi,
515 3755 662 3929 quisrpr
688 3768 950 3842 numerantur,
977 3767 1104 3852 quarta
1118 3753 1279 3833 folii220
1301 3755 1492 3843 columna,
1518 3757 1613 3830 linea
1629 3771 1686 3854 48
1708 3757 1881 3844 desinunt.
1926 3757 2029 3837 Duae
2052 3758 2199 3837 ultimae
2218 3757 2262 3835 li·
2407 3745 2423 3774 '

416 3869 569 3930 nenena
597 3869 732 3932 onmt:
1897 3877 1900 3882 ·
2267 3913 2270 3918 .

772 3951 857 4030 rili:
881 3951 1016 4029 laudam
1041 3976 1113 4025 eum
1136 3952 1172 4025 in
1199 3948 1359 4049 cymbalis
1391 3946 1615 4029 iubilationis:
1640 3954 1745 4030 enanis
1760 3954 1836 4056 spi·

771 4055 859 4129 ritus
882 4052 994 4127 larrdet
1021 4049 1197 4125 dominum.
1228 4049 1395 4124 alleluiae.
2019 4109 2022 4116 .

516 4148 636 4225 Prima
649 4148 739 4223 haec
749 4151 936 4228 bibliorum
954 4171 1037 4248 pars
1051 4150 1178 4225 eodem
1190 4163 1301 4246 typo,
1328 4162 1370 4223 vt
1380 4171 1443 4225 me
1455 4152 1595 4250 monuit
1611 4149 1737 4227 doniis.
1753 4153 1795 4227 D.
1810 4149 1907 4228 Ioan.
1921 4151 2027 4251 Bapl.
2042 4173 2260 4230 nannenus

414 4248 665 4334 Monacensis,
692 4248 821 4326 excusa
832 4251 899 4336 est,
924 4269 1264 4346 quonnnrnocnvs
1279 4247 1423 4344 quidam
1435 4248 1678 4324 Basileaesrne
1695 4252 1781 4324 anni
1806 4261 2074 4326 notacouainr
2104 4249 2262 4327 Taricen·

407 4353 457 4450 fir
483 4346 718 4448 Repertoriam
745 4348 984 4452 alphabeticum
1011 4349 1179 4422 porcinum
1198 4349 1429 4444 propriorum,
1453 4349 1555 4421 cuius
1581 4369 1725 4444 quoque
1753 4350 1917 4440 meminit
1944 4350 1997 4426 Cl.
2025 4373 2260 4442 saumariis

403 4445 496 4521 'sasc
509 4449 537 4523 l.
558 4471 592 4546 p.
612 4471 705 4542 ¹4⁰·
725 4447 955 4547 impresserat
1005 4447 1146 4542 Typum
1161 4443 1306 4519 exhibet
1323 4445 1458 4521 Tabula
1466 4439 1528 4522 IV.
1543 4443 1588 4521 N.
1601 4445 1625 4521 l.
1678 4445 1736 4521 Ex
1748 4471 1819 4544 quo
1838 4447 2013 4524 conlisere
2028 4449 2136 4540 linet,
2159 4449 2261 4544 iilarn

417 4563 560 4639 quoque
580 4545 738 4620 Basileae
750 4553 794 4623 ab
809 4547 938 4621 eodem
951 4543 1048 4620 fuisse
1064 4545 1161 4640 typis
1173 4541 1389 4639 euulgatnm.
1428 4542 1482 4620 Cl.
1496 4567 1727 4622 susurrans
1748 4547 1770 4620 l.
1784 4549 1844 4628 cit,
1858 4549 2111 4624 animaduertit
2135 4603 2145 4634 ,
2166 4547 2262 4626 nni·

418 4663 607 4716 ruocnvnr
621 4643 722 4719 istum
737 4646 873 4721 nullum
887 4642 985 4720 luisse
1012 4643 1142 4728 alium,
1170 4663 1277 4740 quam
1301 4641 1518 4717 Bertiosdum
1536 4666 1639 4719 nous
1661 4645 1755 4741 apud
1768 4667 1986 4723 nususnvrn
2002 4649 2040 4722 in
2055 4644 2147 4723 Bibl.
2171 4647 2262 4723 Vni·
2391 4627 2425 4674 ‘⁶

417 4737 501 4830 cers
516 4740 562 4813 ad
575 4763 700 4815 vocem
714 4765 928 4825 mersans,
959 4741 1016 4815 cui.
1032 4760 1236 4815 nusnsnvs
1252 4741 1288 4815 dr
1304 4741 1553 4838 Repertorium
1571 4795 1582 4826 ,
1605 4743 1835 4820 &sermones
1851 4769 2044 4823 ursrrnsr
2063 4748 2240 4823 attribuit,
2268 4757 2275 4784 ⁸
2340 4781 2347 4792 ·

298 4845 300 4850 '
519 4838 655 4914 Tomos
678 4837 872 4924 secundus,
897 4841 957 4937 qui
975 4838 1129 4934 reliquos
1143 4838 1482 4913 suteristcllamenti
1498 4840 1630 4932 libros,
1655 4867 1788 4918 nouum
1816 4868 1861 4917 ue
1883 4845 2134 4922 testamentum
2163 4841 2263 4922 cotti·-

340 4997 348 5014 .
414 4933 581 5038 plestitur
601 4990 611 5022 ,
636 4939 771 5016 conslat
788 4941 882 5014 soliis
904 4948 978 5032 2¹⁶
995 4992 1003 5024 ,
1018 4937 1149 5034 ¹estque
1166 4940 1273 5011 etiam
1288 4940 1325 5011 in
1342 4938 1480 5012 duabus
1492 4939 1669 5016 columnis
1684 4943 1885 5018 cbnratiere
1908 4944 2053 5039 gothico
2071 4944 2274 5028 maiuscula

357 5053 362 5065 “
416 5035 576 5134 sculpto,
615 5037 767 5131 aprione
782 5036 936 5122 diuerso,
964 5037 1091 5114 &non
1117 5038 1166 5110 ita
1187 5037 1267 5112 rudi
1282 5035 1476 5134 impressus.
1541 5033 1945 5134 Quaeuiscolumna'48
1969 5045 2115 5120 exhibet
2137 5045 2273 5121 lineas(

417 5135 576 5222 Charta,
601 5135 938 5232 clrartariisrgnum,
957 5135 1005 5234 ,dc
1019 5134 1318 5231 interpuniiiones
1331 5159 1413 5210 cum
1427 5136 1533 5234 priori
1551 5152 1650 5214 tomo
1666 5141 1895 5216 conueniunt.
1943 5143 2175 5239 Signatume,
2199 5141 2273 5218 cu·''

298 5243 301 5250 “
371 5255 390 5268 ··
415 5231 552 5319 stodes,
579 5235 790 5330 paginarum
815 5231 985 5318 numeri,
1011 5257 1054 5309 ac
1076 5233 1170 5309 tituli
1183 5243 1258 5308 tam
1271 5235 1472 5324 librorum,
1499 5233 1609 5332 quam
1623 5241 1778 5337 capitum
1801 5239 2052 5320 desderantur.
2103 5244 2262 5321 Litterae

265 5423 270 5432 ,
416 5325 669 5466 prologorum,
696 5334 916 5472 iiim
929 5331 1449 5456 inldalessuntlignoincisae,
1476 5331 1633 5438 capitum
1647 5340 1856 5436 veroruinio
1870 5335 2052 5442 depislae!
2100 5435 2103 5440 ,

1264 5535 1344 5639 Ga
1571 5623 1577 5632 .
2091 5542 2345 5628 erma*
