5400 6284
679 601 708 618 ”
829 571 867 634 .·
1127 571 1496 704 &⁹ssss
1708 631 1718 642 ν
1871 558 1880 570 ’
2061 585 2067 590 ’
2193 609 2365 688 ala·

510 782 752 888 arimanni
800 780 810 802 ·
856 775 1260 958 (poenaenostrae
1273 774 1469 852 editionem
1482 734 1715 873 ignorarint,
1741 799 1788 855 ex
1804 775 2264 877 condamnationem
2307 865 2317 886 s

417 891 546 967 occec
595 887 649 962 ct
663 904 786 960 naurs
798 882 835 956 in
891 878 983 955 orell.
999 877 1094 954 Bibl.
1108 871 1297 952 Memorab.
1322 897 1359 972 p.
1373 895 1442 970 35,
1470 876 1675 973 opinionem
1699 879 1880 953 annonae
1896 880 2072 977 sequens,
2095 882 2143 957 ab
2170 886 2264 959 Hem·

417 992 673 1066 eimavmmnt
691 980 789 1078 typis
804 977 1007 1076 impressum
1029 976 1128 1051 fuiffe
1156 973 1226 1049 noc
1248 995 1370 1071 opus,
1395 985 1569 1049 autumat.
1607 976 1742 1054 Mirum
1764 975 1958 1053 admodum
1981 980 2073 1058 mihi
2106 984 2278 1088 viderant,x

420 1104 593 1170 avmmaa
605 1081 662 1155 vel
683 1089 799 1172 artem
809 1075 1105 1174 typographicam
1127 1072 1645 1168 Norimbergamintroduxiffe
1658 1097 1674 1160 ,·
1696 1073 1757 1149 vel
1777 1073 1899 1150 saltem
1913 1078 2036 1175 primis
2057 1082 2131 1156 iam
2157 1086 2264 1160 annis

387 1263 389 1267 ,
418 1182 582 1258 mmdem
595 1179 642 1254 ibi
654 1176 844 1252 exercuilie
862 1228 872 1259 ,
897 1196 981 1249 eum
1003 1177 1126 1249 tamen
1141 1192 1481 1259 necmarramas,
1508 1193 1717 1259 necoava,
1743 1173 1914 1250 necalius
1928 1177 2263 1282 Bibliograplnnrun

315 1285 345 1368 ‚'
416 1292 557 1380 praeter
578 1299 738 1351 nomnen
751 1274 912 1348 eiusdem
924 1273 1146 1350 mentionem
1158 1270 1310 1346 fecerit.-
1891 1335 1929 1350 ,,
2116 1362 2120 1369 1
2220 1329 2227 1339 .

518 1372 718 1470 Franciscas
736 1372 775 1446 ale
789 1394 917 1446 aaran
934 1371 1040 1445 huius
1056 1370 1174 1466 operis
1187 1366 1311 1444 notior
1336 1367 1483 1444 nodone
1505 1367 1643 1454 Teato,
1679 1367 1814 1446 ordinis
1829 1369 2116 1452 Praedicatomm
2133 1370 2264 1451 Alum-

416 1498 507 1560 nus,
536 1474 605 1547 fuit
619 1470 1013 1567 virinfignimpietatis,
1042 1469 1192 1553 litteris,
1215 1465 1405 1563 disciplnae
1422 1467 1598 1563 regularis
1619 1467 1724 1553 nelo,
1757 1466 1915 1546 iurnmae
1966 1498 2009 1560 e,
2039 1496 2083 1549 ac
2113 1477 2263 1554 tenerri-

416 1574 548 1664 maein
561 1573 701 1652 Deum,
728 1568 845 1648 &SS.
862 1570 939 1644 eius
952 1580 1105 1642 matrem
1120 1563 1260 1641 adfettu
1280 1566 1485 1640 deuotionis
1498 1567 1627 1643 clarus.
1664 1567 1734 1643 Per
1747 1568 1893 1663 triginta
1932 1594 2106 1650 exannos
2122 1572 2265 1649 circiter
2314 1603 2321 1608 ·
2396 1627 2424 1658 ·,

417 1674 455 1746 in
466 1669 650 1745 academia
666 1667 855 1745 Viennensi
869 1667 1007 1764 publice
1019 1665 1240 1761 theologiam
1260 1664 1478 1762 explanauit
1512 1664 1610 1742 Obiit
1626 1666 1719 1743 oica
1727 1689 1864 1750 aarum
1882 1692 1987 1767 1425.
2016 1691 2176 1755 nvattr.
2191 1672 2265 1752 T.[

409 1767 530 1869 script.
550 1765 633 1845 ora,
646 1766 798 1844 Praedia.
816 1788 850 1866 p.
869 1787 953 1864 175.

1042 1951 1192 2029 Anno
1229 1948 1630 2032 mcccctxxl

419 2133 528 2235 ne.
543 2135 675 2221 caan
691 2132 891 2220 anaante
914 2130 1108 2240 armant
1130 2096 1719 2240 oronnamrnamoonum
1744 2128 1858 2220 anon
1881 2130 1970 2230 vu.
2028 2119 2125 2221 stne
2148 2133 2264 2238 ron,
2443 2229 2449 2234 ,

536 2251 580 2339 &
598 2246 849 2364 typographi
862 2245 1020 2334 indicio
1037 2273 1150 2336 anno
1169 2273 1296 2361 1471,
1319 2249 1363 2334 in
1377 2245 1450 2338 fol.
1560 2255 1565 2262 '
2314 2245 2317 2250 ¹
2444 2263 2449 2272 ·

515 2428 697 2515 Litterae,
727 2426 858 2524 quibus
870 2425 1072 2600 imprelium
1086 2427 1135 2504 eli
1146 2427 1218 2502 hoc
1230 2451 1342 2527 opus,
1363 2428 1456 2506 ibliis
1470 2437 1541 2518 ²18
1555 2437 1789 2513 contentum,
1813 2423 2104 2516 remansesunt,
2127 2451 2170 2505 ac
2206 2448 2266 2508 era

419 2528 613 2626 elegantes.
650 2526 785 2605 Charta
799 2526 913 2612 albae
955 2579 966 2611 ,
994 2524 1032 2602 dt
1046 2524 1148 2599 firma
1158 2525 1375 2614 admodum,
1395 2551 1439 2603 ac
1460 2527 1660 2620 laeuigata,
1691 2526 1890 2623 amplisque
1907 2526 2149 2622 marginibusi
2246 2567 2268 2594 ·

419 2627 487 2710 tta.
533 2624 832 2723 interpuniiionis
853 2623 950 2720 srgna
964 2623 1158 2721 adparent,
1181 2619 1373 2722 punitum,
1398 2625 1523 2710 colon,
1549 2624 1586 2700 δι
1599 2625 1888 2720 interrogationis
1904 2622 2063 2724 signum3
2090 2626 2180 2703 nulli
2202 2653 2268 2706 ve·
2388 2719 2396 2728 ,

390 2771 392 2776 -
418 2721 975 2819 rocostodes,auts1gnaturae,
1007 2722 1390 2896 nulliquepaginarum
1408 2724 1557 2798 numeri.
1610 2722 1769 2799 Initialas
1785 2724 1946 2811 litteras,
1974 2723 2012 2802 dc
2025 2724 2196 2806 libronuu
2218 2728 2267 2804 ti-

419 2823 518 2898 talos
530 2821 768 2918 calligraphus
782 2822 890 2898 rubro
898 2822 1020 2897 colore
1033 2819 1166 2920 adscrip

419 2919 784 3018 spiciuoturadprelir.
828 2920 1045 3019 Fragmenta
1058 2944 1105 2995 ex
1118 2920 1258 3016 graecis
1271 2919 1632 3019 auiioribusinsperla
1647 2919 1801 2997 suisiam
1814 2921 1959 2998 exhibet
1984 2923 2119 3013 itteris,
2137 2921 2190 3001 iat
2212 2924 2268 3005 le·¹

419 3019 596 3118 gibilibus.
632 3018 858 3118 Diphtongos
874 3044 913 3095 ae
929 3076 937 3105 ‚
964 3019 1054 3098 &oe
1070 3042 1133 3117 per
1146 3042 1255 3096 unam
1268 3019 1421 3096 liiteram
1442 3043 1488 3094 ex
1504 3021 1642 3096 duabus
1658 3019 1850 3096 conflatam
1866 3017 2039 3121 expreffit
2202 3029 2205 3033 ’
2257 3103 2261 3118 2

520 3117 744 3195 Praecedunt
763 3142 896 3194 nouem
908 3117 1013 3204 folia,
1040 3140 1132 3216 quae
1146 3118 1319 3196 Rubricas
1331 3173 1342 3205 ,
1355 3142 1423 3194 ceu
1438 3119 1673 3214 capitulorum
1686 3133 1898 3213 argumenta
1913 3120 2110 3210 continent,
2126 3121 2164 3198 in
2174 3139 2269 3224 quai

294 3291 307 3300 ,
415 3238 500 3293 tum
514 3217 614 3291 initio
628 3218 757 3311 legitur
772 3240 781 3290 ε
797 3214 970 3292 Laiiantii
982 3214 1152 3292 Firmium
1175 3218 1214 3290 de
1228 3214 1354 3290 diuinis
1368 3214 1626 3310 institutionibus
1646 3215 1802 3316 aduersas
1825 3230 1947 3315 gentes.
1973 3215 2143 3297 Rubriano
2157 3221 2266 3320 primi

420 3311 500 3390 libri
511 3316 684 3410 incipiant.
736 3315 775 3390 ln
789 3314 907 3389 fronte
927 3313 1003 3390 folii
1025 3307 1153 3388 decimi
1167 3312 1337 3390 inchoant
1352 3313 1525 3389 Ladantii
1543 3313 1711 3391 Firmiani
1729 3326 1844 3389 errata
1864 3316 1972 3414 primi
1984 3312 2067 3391 libri
2091 3316 2176 3414 qiua
2197 3318 2265 3416 ipsi

420 3411 572 3511 deceptas
584 3414 624 3511 esi
634 3437 698 3511 per
701 3413 851 3507 fratrem
863 3411 1053 3488 Antoniam
1068 3410 1277 3511 Roadeasem
1292 3413 1477 3510 theologam
1491 3410 1621 3488 coiiedo
1646 3412 1686 3488 ὅ
1697 3424 1854 3488 exarata.
1901 3411 1966 3489 Ast
1977 3437 2051 3488 non
2064 3415 2159 3512 apud
2184 3439 2266 3494 om·

420 3534 487 3596 nes
499 3507 550 3588 sui
565 3512 738 3609 temporis
752 3509 942 3595 Eruditos,
970 3511 1015 3588 ob
1028 3512 1202 3586 eiusmodi
1219 3524 1336 3585 errata
1352 3533 1374 3583 a
1390 3513 1424 3584 se
1440 3511 1476 3583 in
1490 3510 1992 3599 anmaumoanimaduersa,
2021 3514 2172 3608 gratiam
2185 3514 2265 3594 iniit

321 3671 338 3700 χ
416 3629 655 3700 ananensis.
668 3608 772 3686 Illum
784 3609 858 3688 acri
879 3607 1024 3686 censura
1036 3610 1175 3685 notauit
1192 3609 1366 3685 Antonias
1386 3628 1625 3687 maurannus
1641 3608 1838 3688 Genaenfis
1849 3608 2140 3710 Augustinianua,
2154 3635 2264 3712 quam

421 3709 467 3785 ad
479 3721 677 3790 erratorum
691 3708 802 3789 finem
823 3706 1011 3785 ostasticho
1028 3708 1318 3805 comprehensam
1335 3707 1571 3805 delegimus:
2094 3765 2097 3772 .
2255 3711 2260 3720 '

839 3806 910 3882 laic
933 3806 1018 3883 maie
1041 3806 1204 3905 corripuit
1218 3805 1351 3908 stolidis
1376 3803 1551 3883 Antonias
1580 3809 1667 3909 castr

836 3905 1041 3984 Annaea:
1062 3908 1099 3980 in
1122 3907 1227 3980 variis
1250 3902 1349 4004 causa
1368 3905 1500 4004 pianda
1524 3906 1641 3981 laria·

838 4004 923 4081 Non
948 4016 1021 4080 erat
1044 4006 1079 4079 in
1105 4000 1246 4080 tenebris
1268 4004 1415 4080 errantis
1441 4003 1600 4103 imaginis
1623 4007 1744 4104 asinam

838 4101 985 4178 Diceru
1010 4104 1062 4177 ael
1083 4102 1224 4177 nitidam
1250 4102 1455 4178 lacerarem
1484 4100 1595 4178 iubar.

544 4229 546 4234 ·
703 4253 706 4258 -
837 4199 993 4297 Denique
1015 4226 1089 4275 cam
1102 4199 1238 4301 fianiiae
1264 4199 1408 4302 ecclefiae
1428 4202 1492 4300 pia
1516 4201 1671 4280 laminae
1694 4200 1813 4299 constet
2011 4205 2014 4214 “

843 4295 1029 4397 Obsequio:
1050 4324 1094 4374 ex
1116 4311 1210 4375 tanto
1235 4295 1420 4399 conticuisse
1447 4302 1535 4380 viro,
1829 4308 1835 4322 '
1983 4305 1987 4310 '

845 4394 896 4472 Ta
919 4422 995 4474 vero
1020 4398 1147 4493 eloquio
1171 4399 1289 4497 lingua
1305 4395 1479 4484 interdiffa
1503 4396 1631 4471 latino:

838 4491 1053 4571 lechitum:
1078 4522 1155 4570 nam
1179 4508 1210 4570 te
1234 4498 1375 4595 penfidot
1397 4491 1572 4586 cabasam.

1181 2835 1219 2896 rt
1269 2821 1379 2899 Tituli
1393 2834 1516 2898 autem
1528 2821 1764 2920 capitulorum
1783 2821 1829 2898 ab
1857 2820 1930 2920 ipso
1997 2823 2181 2923 pographo
2199 2825 2268 2899 ad·
2359 2863 2362 2874 ·
2407 2839 2414 2850 ’

519 4592 629 4689 Apud
642 4581 1147 4693 Franciscammmnannnvm,
1172 4596 1275 4670 cuius
1296 4593 1466 4669 iudicium
1487 4588 1722 4689 exquisierat,
1750 4587 1889 4664 motam
1903 4585 2073 4668 offensam
2088 4592 2266 4678 incurrit5
2422 4668 2435 4699 ,

354 4757 359 4782 ,
420 4691 700 4787 vtgrauiffimis,
718 4715 761 4768 ac
778 4691 963 4769 durilsrmis
984 4694 1099 4767 verbis
1111 4694 1211 4791 persto
1220 4692 1311 4768 iiius
1326 4691 1445 4769 luerit.
1490 4690 1586 4792 Quae
1599 4690 1683 4764 enim
1698 4701 1716 4773 ,·
1734 4688 1852 4784 inquit
1867 4689 1903 4762 in
1919 4689 2070 4786 Epistola
2088 4693 2136 4766 ad
2147 4691 2260 4779 iliona,

416 4813 480 4888 per
493 4791 708 4865 immortalem
723 4789 840 4864 Deam'
843 4793 1000 4886 fanatica
1014 4792 1104 4865 ratio
1122 4803 1153 4867 te
1164 4791 1360 4874 commouit,
1385 4802 1423 4865 ot
1431 4788 1569 4888 perinde
1585 4798 1684 4885 atque
1698 4787 1812 4885 infesto
1826 4785 1967 4884 quodam
1984 4843 1994 4875 ,
2017 4801 2116 4886 atque
2129 4791 2264 4888 inimico
2333 4861 2336 4866 ,

420 4892 561 4985 inflatas
571 4886 692 4983 spirita
704 4889 739 4960 in
752 4889 860 4964 viram
871 4888 963 4964 iiiam
978 4887 1185 4990 doiiijpimam
1200 4902 1300 4987 atque
1314 4885 1563 4990 drffirtiffimam
1581 4899 1651 4960 tam
1665 4882 1860 4982 insolenter,
1885 4895 1954 4958 tem
1966 4887 2079 4987 iniuste
2094 4942 2104 4972 ,
2118 4900 2188 4963 tam
2201 4890 2265 4963 im·

414 4991 471 5088 pie
485 4984 672 5072 inanitatis,
698 4998 736 5060 ot
742 5010 812 5158 poa
826 4986 990 5164 tarpeium
1001 5011 1104 5087 paene
1120 4985 1379 5067 innumerabiles
1390 4985 1534 5087 conficito
1548 4985 1632 5062 maie
1643 4984 1911 5090 interpretareris
1924 5036 1935 5068 ,
1954 4984 2013 5081 sed
2026 5011 2143 5074 nomen
2162 4992 2265 5064 etiam

419 5087 487 5163 viri
498 5089 537 5160 de
579 5108 683 5161 auare
721 5086 853 5159 uaeris
904 5110 935 5161 c.
1016 5143 1020 5149 .
2134 5106 2141 5120 “
2185 5089 2193 5100 “

319 5249 324 5254 .
517 5111 624 5262 [iiten
641 5087 777 5283 prtinus
791 5182 876 5260 folio
887 5183 1099 5278 duodecimo
1112 5181 1184 5264 stne
1196 5186 1296 5264 omni
1310 5183 1441 5271 titolo,
1465 5193 1529 5260 aut
1544 5179 1768 5279 inscriptione
1788 5177 1930 5258 initium
1942 5175 2046 5257 sumit
2056 5206 2068 5277 ;
2093 5184 2265 5259 termina·

420 5291 480 5359 tar
492 5303 579 5358 tero
595 5281 717 5360 auersa
728 5282 803 5358 folii
818 5302 867 5384 ῃ
881 5283 1021 5381 pagina.
1059 5283 1196 5362 Aueria
1215 5285 1292 5361 folii
1311 5298 1378 5377 181
1396 5283 1525 5382 pagina
1540 5280 1750 5357 Diuinoram
1765 5278 2003 5381 institutionum
2020 5281 2266 5382 adaersmgen·

420 5378 662 5464 aslaaoneti.
687 5378 855 5478 dirmiini
866 5378 950 5460 liber
953 5381 1116 5486 septimus
1130 5385 1376 5562 atquemltp'pnnr
1389 5381 1536 5485 explicit.
1572 5375 1784 5480 Etseqailar
1806 5379 1947 5456 eiusdem
1973 5376 2113 5460 liberale
2136 5383 2214 5553 inpd
2211 5377 2266 5452 dei
