<?xml version="1.0" encoding="UTF-8"?>
<!DOCTYPE html PUBLIC "-//W3C//DTD XHTML 1.0 Transitional//EN"
    "http://www.w3.org/TR/xhtml1/DTD/xhtml1-transitional.dtd">
<html xmlns="http://www.w3.org/1999/xhtml" xml:lang="en" lang="en">
 <head>
  <title>
</title>
<meta http-equiv="Content-Type" content="text/html;charset=utf-8" />
  <meta name='ocr-system' content='tesseract 3.04.00' />
  <meta name='ocr-capabilities' content='ocr_page ocr_carea ocr_par ocr_line ocrx_word'/>
</head>
<body>
  <div class='ocr_page' id='page_1' title='image "./notitiahistoric03biblgoog/notitiahistoric03biblgoog_0137.png"; bbox 0 0 5400 6284; ppageno 0'>
   <div class='ocr_carea' id='block_1_1' title="bbox 311 513 2436 932">
    <p class='ocr_par' dir='ltr' id='par_1_1' title="bbox 311 513 2436 932">
     <span class='ocr_line' id='line_1_1' title="bbox 311 513 1785 678; baseline -0.003 -39"><span class='ocrx_word' id='word_1_1' title='bbox 311 563 314 570; x_wconf 85' lang='grc'><strong>’</strong></span> <span class='ocrx_word' id='word_1_2' title='bbox 471 559 545 639; x_wconf 77' lang='lat'>118</span> <span class='ocrx_word' id='word_1_3' title='bbox 1234 513 1557 640; x_wconf 38' lang='grc' dir='ltr'>*ἐμὲ</span> <span class='ocrx_word' id='word_1_4' title='bbox 1782 671 1785 678; x_wconf 22' lang='grc' dir='ltr'>Ι</span> 
     </span>
     <span class='ocr_line' id='line_1_2' title="bbox 522 711 2436 834; baseline -0.002 -18"><span class='ocrx_word' id='word_1_5' title='bbox 522 740 619 816; x_wconf 86' lang='lat' dir='ltr'>ntina</span> <span class='ocrx_word' id='word_1_6' title='bbox 636 759 733 834; x_wconf 81' lang='lat'>403,</span> <span class='ocrx_word' id='word_1_7' title='bbox 756 732 957 831; x_wconf 86' lang='lat' dir='ltr'>Argentina</span> <span class='ocrx_word' id='word_1_8' title='bbox 974 758 1073 832; x_wconf 81' lang='lat'>405,</span> <span class='ocrx_word' id='word_1_9' title='bbox 1097 731 1382 829; x_wconf 65' lang='lat' dir='ltr'>&amp;Augustanin</span> <span class='ocrx_word' id='word_1_10' title='bbox 1411 731 1505 810; x_wconf 90' lang='lat' dir='ltr'>intra</span> <span class='ocrx_word' id='word_1_11' title='bbox 1517 711 1635 810; x_wconf 86' lang='lat' dir='ltr'>annos</span> <span class='ocrx_word' id='word_1_12' title='bbox 1646 755 1741 832; x_wconf 82' lang='lat'>147⁰</span> <span class='ocrx_word' id='word_1_13' title='bbox 1755 769 1804 792; x_wconf 87' lang='lat'>-·</span> <span class='ocrx_word' id='word_1_14' title='bbox 1821 753 1863 832; x_wconf 73' lang='grc' dir='ltr'><em>ῃ</em></span> <span class='ocrx_word' id='word_1_15' title='bbox 1891 737 1928 811; x_wconf 89' lang='lat' dir='ltr'>in</span> <span class='ocrx_word' id='word_1_16' title='bbox 1947 737 2064 812; x_wconf 88' lang='lat' dir='ltr'>lucem</span> <span class='ocrx_word' id='word_1_17' title='bbox 2079 734 2220 823; x_wconf 86' lang='lat' dir='ltr'>emissa,</span> <span class='ocrx_word' id='word_1_18' title='bbox 2250 758 2318 833; x_wconf 80' lang='lat'>513</span> <span class='ocrx_word' id='word_1_19' title='bbox 2432 817 2436 822; x_wconf 76' lang='grc'><strong>,</strong></span> 
     </span>
     <span class='ocr_line' id='line_1_3' title="bbox 484 833 2323 932; baseline 0 -20"><span class='ocrx_word' id='word_1_20' title='bbox 484 834 856 932; x_wconf 77' lang='lat' dir='ltr'>oliacomplertuntur.</span> <span class='ocrx_word' id='word_1_21' title='bbox 894 835 958 910; x_wconf 85' lang='lat' dir='ltr'>Ast</span> <span class='ocrx_word' id='word_1_22' title='bbox 971 835 1040 910; x_wconf 87' lang='lat' dir='ltr'>lroc</span> <span class='ocrx_word' id='word_1_23' title='bbox 1054 855 1200 911; x_wconf 78' lang='lat' dir='ltr'>rtnsrrr</span> <span class='ocrx_word' id='word_1_24' title='bbox 1217 833 1492 908; x_wconf 87' lang='lat' dir='ltr'>fundamentum</span> <span class='ocrx_word' id='word_1_25' title='bbox 1506 834 1637 910; x_wconf 88' lang='lat' dir='ltr'>nullius</span> <span class='ocrx_word' id='word_1_26' title='bbox 1650 835 1718 910; x_wconf 85' lang='lat' dir='ltr'>esse</span> <span class='ocrx_word' id='word_1_27' title='bbox 1734 835 1885 918; x_wconf 85' lang='lat' dir='ltr'>valoris,</span> <span class='ocrx_word' id='word_1_28' title='bbox 1914 835 2094 932; x_wconf 79' lang='lat' dir='ltr'>sequentia</span> <span class='ocrx_word' id='word_1_29' title='bbox 2107 852 2323 931; x_wconf 87' lang='lat' dir='ltr'>argumenta</span> 
     </span>
    </p>
   </div>
   <div class='ocr_carea' id='block_1_2' title="bbox 346 929 2323 1034">
    <p class='ocr_par' dir='ltr' id='par_1_2' title="bbox 346 929 2323 1034">
     <span class='ocr_line' id='line_1_4' title="bbox 346 929 2323 1034; baseline -0.002 -21"><span class='ocrx_word' id='word_1_30' title='bbox 346 935 352 944; x_wconf 82' lang='grc'><em>’</em></span> <span class='ocrx_word' id='word_1_31' title='bbox 468 933 762 1034; x_wconf 80' lang='lat' dir='ltr'>comprobabunt</span> <span class='ocrx_word' id='word_1_32' title='bbox 801 931 1009 1032; x_wconf 83' lang='lat' dir='ltr'>Augustana</span> <span class='ocrx_word' id='word_1_33' title='bbox 1020 933 1101 1008; x_wconf 90' lang='lat' dir='ltr'>ideo</span> <span class='ocrx_word' id='word_1_34' title='bbox 1119 930 1272 1028; x_wconf 90' lang='lat' dir='ltr'>amplius</span> <span class='ocrx_word' id='word_1_35' title='bbox 1293 929 1526 1028; x_wconf 86' lang='lat' dir='ltr'>requirebant</span> <span class='ocrx_word' id='word_1_36' title='bbox 1538 932 1730 1019; x_wconf 87' lang='lat' dir='ltr'>volumen,</span> <span class='ocrx_word' id='word_1_37' title='bbox 1758 933 1797 1010; x_wconf 85' lang='lat' dir='ltr'>dt</span> <span class='ocrx_word' id='word_1_38' title='bbox 1813 935 1986 1009; x_wconf 90' lang='lat' dir='ltr'>maiorem</span> <span class='ocrx_word' id='word_1_39' title='bbox 2006 934 2172 1014; x_wconf 85' lang='lat' dir='ltr'>soliorum</span> <span class='ocrx_word' id='word_1_40' title='bbox 2192 960 2323 1010; x_wconf 86' lang='lat' dir='ltr'>nurne-</span> 
     </span>
    </p>
   </div>
   <div class='ocr_carea' id='block_1_3' title="bbox 365 1028 2328 2678">
    <p class='ocr_par' dir='ltr' id='par_1_3' title="bbox 365 1028 2328 2678">
     <span class='ocr_line' id='line_1_5' title="bbox 466 1028 2323 1228; baseline -0.002 -18"><span class='ocrx_word' id='word_1_41' title='bbox 466 1057 548 1210; x_wconf 63' lang='grc' dir='ltr'>ἓξὲξ</span> <span class='ocrx_word' id='word_1_42' title='bbox 566 1030 838 1228; x_wconf 64' lang='lat' dir='ltr'>’ssssrllsss</span> <span class='ocrx_word' id='word_1_43' title='bbox 851 1028 1647 1226; x_wconf 59' lang='lat' dir='ltr'>&#39;stiffliittriiirttii‘ttit</span> <span class='ocrx_word' id='word_1_44' title='bbox 1669 1030 2094 1206; x_wconf 50' lang='lat' dir='ltr'>trististristis,</span> <span class='ocrx_word' id='word_1_45' title='bbox 2113 1030 2323 1208; x_wconf 61' lang='lat' dir='ltr'>iiiiii</span> 
     </span>
     <span class='ocr_line' id='line_1_6' title="bbox 365 1188 2320 1329; baseline -0.001 -21"><span class='ocrx_word' id='word_1_46' title='bbox 365 1252 368 1256; x_wconf 74' lang='grc'><strong><em>’</em></strong></span> <span class='ocrx_word' id='word_1_47' title='bbox 464 1188 596 1308; x_wconf 77' lang='lat' dir='ltr'>liorulu</span> <span class='ocrx_word' id='word_1_48' title='bbox 609 1235 783 1305; x_wconf 88' lang='lat' dir='ltr'>numerus</span> <span class='ocrx_word' id='word_1_49' title='bbox 795 1224 1130 1306; x_wconf 74' lang='lat' dir='ltr'>iisdemsuffecisset„</span> <span class='ocrx_word' id='word_1_50' title='bbox 1175 1221 1269 1300; x_wconf 89' lang='lat' dir='ltr'>Dein</span> <span class='ocrx_word' id='word_1_51' title='bbox 1292 1221 1317 1300; x_wconf 86' lang='lat' dir='ltr'>li</span> <span class='ocrx_word' id='word_1_52' title='bbox 1341 1248 1485 1323; x_wconf 91' lang='lat' dir='ltr'>quoque</span> <span class='ocrx_word' id='word_1_53' title='bbox 1502 1246 1649 1329; x_wconf 73' lang='lat' dir='ltr'>unsrrr</span> <span class='ocrx_word' id='word_1_54' title='bbox 1675 1226 1911 1303; x_wconf 86' lang='lat' dir='ltr'>fundamento</span> <span class='ocrx_word' id='word_1_55' title='bbox 1928 1227 2061 1326; x_wconf 89' lang='lat' dir='ltr'>aliquid</span> <span class='ocrx_word' id='word_1_56' title='bbox 2073 1225 2196 1304; x_wconf 88' lang='lat' dir='ltr'>inesset</span> <span class='ocrx_word' id='word_1_57' title='bbox 2220 1229 2320 1306; x_wconf 88' lang='lat' dir='ltr'>valo·</span> 
     </span>
     <span class='ocr_line' id='line_1_7' title="bbox 465 1322 2328 1427; baseline -0.002 -20"><span class='ocrx_word' id='word_1_58' title='bbox 465 1330 541 1416; x_wconf 75' lang='lat' dir='ltr'>ris,</span> <span class='ocrx_word' id='word_1_59' title='bbox 567 1327 790 1427; x_wconf 83' lang='lat' dir='ltr'>praesentem</span> <span class='ocrx_word' id='word_1_60' title='bbox 801 1325 996 1402; x_wconf 83' lang='lat' dir='ltr'>editionem</span> <span class='ocrx_word' id='word_1_61' title='bbox 1012 1325 1172 1420; x_wconf 88' lang='lat' dir='ltr'>omnium</span> <span class='ocrx_word' id='word_1_62' title='bbox 1187 1323 1339 1421; x_wconf 86' lang='lat' dir='ltr'>primam</span> <span class='ocrx_word' id='word_1_63' title='bbox 1357 1322 1452 1407; x_wconf 80' lang='lat' dir='ltr'>else.</span> <span class='ocrx_word' id='word_1_64' title='bbox 1479 1325 1672 1402; x_wconf 88' lang='lat' dir='ltr'>dicendum</span> <span class='ocrx_word' id='word_1_65' title='bbox 1686 1326 1788 1402; x_wconf 85' lang='lat' dir='ltr'>soret</span> <span class='ocrx_word' id='word_1_66' title='bbox 1824 1328 2007 1414; x_wconf 85' lang='lat' dir='ltr'>Quantum</span> <span class='ocrx_word' id='word_1_67' title='bbox 2020 1326 2117 1403; x_wconf 91' lang='lat' dir='ltr'>eninr</span> <span class='ocrx_word' id='word_1_68' title='bbox 2135 1325 2236 1425; x_wconf 84' lang='lat' dir='ltr'>spatii</span> <span class='ocrx_word' id='word_1_69' title='bbox 2259 1353 2328 1416; x_wconf 32' lang='lat' dir='ltr'>oc·-</span> 
     </span>
     <span class='ocr_line' id='line_1_8' title="bbox 467 1422 2316 1539; baseline 0 -37"><span class='ocrx_word' id='word_1_70' title='bbox 467 1438 602 1526; x_wconf 88' lang='lat' dir='ltr'>cupant</span> <span class='ocrx_word' id='word_1_71' title='bbox 613 1426 750 1521; x_wconf 86' lang='lat' dir='ltr'>figurae</span> <span class='ocrx_word' id='word_1_72' title='bbox 763 1447 827 1522; x_wconf 90' lang='lat' dir='ltr'>per</span> <span class='ocrx_word' id='word_1_73' title='bbox 842 1424 1021 1522; x_wconf 89' lang='lat' dir='ltr'>integrum</span> <span class='ocrx_word' id='word_1_74' title='bbox 1039 1447 1129 1539; x_wconf 84' lang='lat' dir='ltr'>opus</span> <span class='ocrx_word' id='word_1_75' title='bbox 1141 1422 1382 1519; x_wconf 80' lang='lat' dir='ltr'>adparentes,</span> <span class='ocrx_word' id='word_1_76' title='bbox 1410 1445 1561 1522; x_wconf 89' lang='lat' dir='ltr'>quarum</span> <span class='ocrx_word' id='word_1_77' title='bbox 1576 1423 1755 1522; x_wconf 87' lang='lat' dir='ltr'>quaelibet</span> <span class='ocrx_word' id='word_1_78' title='bbox 1779 1426 1852 1498; x_wconf 91' lang='lat' dir='ltr'>sere</span> <span class='ocrx_word' id='word_1_79' title='bbox 1871 1427 2013 1500; x_wconf 88' lang='lat' dir='ltr'>tertiam</span> <span class='ocrx_word' id='word_1_80' title='bbox 2027 1425 2216 1502; x_wconf 86' lang='lat' dir='ltr'>columnae</span> <span class='ocrx_word' id='word_1_81' title='bbox 2237 1450 2316 1525; x_wconf 86' lang='lat' dir='ltr'>par·</span> 
     </span>
     <span class='ocr_line' id='line_1_9' title="bbox 465 1519 2316 1626; baseline 0 -24"><span class='ocrx_word' id='word_1_82' title='bbox 465 1521 716 1619; x_wconf 80' lang='lat' dir='ltr'>tem‘implet‘s</span> <span class='ocrx_word' id='word_1_83' title='bbox 741 1523 924 1610; x_wconf 90' lang='lat' dir='ltr'>Quantum</span> <span class='ocrx_word' id='word_1_84' title='bbox 937 1521 1038 1622; x_wconf 90' lang='lat' dir='ltr'>spatii</span> <span class='ocrx_word' id='word_1_85' title='bbox 1050 1523 1172 1626; x_wconf 82' lang='lat' dir='ltr'>trttili,</span> <span class='ocrx_word' id='word_1_86' title='bbox 1200 1519 1425 1618; x_wconf 81' lang='lat' dir='ltr'>&amp;clausulae</span> <span class='ocrx_word' id='word_1_87' title='bbox 1442 1522 1633 1607; x_wconf 80' lang='lat' dir='ltr'>librorum,</span> <span class='ocrx_word' id='word_1_88' title='bbox 1659 1523 1965 1619; x_wconf 87' lang='lat' dir='ltr'>capitulorumque</span> <span class='ocrx_word' id='word_1_89' title='bbox 1979 1524 2164 1602; x_wconf 88' lang='lat' dir='ltr'>adnotatio</span> <span class='ocrx_word' id='word_1_90' title='bbox 2187 1578 2198 1611; x_wconf 88' lang='lat'>,</span> <span class='ocrx_word' id='word_1_91' title='bbox 2224 1548 2316 1622; x_wconf 88' lang='lat' dir='ltr'>quae</span> 
     </span>
     <span class='ocr_line' id='line_1_10' title="bbox 466 1615 2317 1723; baseline 0 -25"><span class='ocrx_word' id='word_1_92' title='bbox 466 1621 691 1719; x_wconf 67' lang='lat' dir='ltr'>‘aptioribus</span> <span class='ocrx_word' id='word_1_93' title='bbox 705 1623 847 1720; x_wconf 88' lang='lat' dir='ltr'>penitus</span> <span class='ocrx_word' id='word_1_94' title='bbox 860 1615 1720 1718; x_wconf 64' lang='lat' dir='ltr'>desiderantursequirebant‘illccedit,quodnon</span> <span class='ocrx_word' id='word_1_95' title='bbox 1733 1621 1894 1697; x_wconf 86' lang='lat' dir='ltr'>eiusdem</span> <span class='ocrx_word' id='word_1_96' title='bbox 1910 1621 1951 1697; x_wconf 90' lang='lat' dir='ltr'>sit</span> <span class='ocrx_word' id='word_1_97' title='bbox 1966 1645 2049 1698; x_wconf 90' lang='lat' dir='ltr'>cum</span> <span class='ocrx_word' id='word_1_98' title='bbox 2065 1621 2136 1698; x_wconf 85' lang='lat' dir='ltr'>illis</span> <span class='ocrx_word' id='word_1_99' title='bbox 2152 1623 2317 1723; x_wconf 85' lang='lat' dir='ltr'>amplitu-</span> 
     </span>
     <span class='ocr_line' id='line_1_11' title="bbox 467 1717 2315 1817; baseline 0.002 -19"><span class='ocrx_word' id='word_1_100' title='bbox 467 1721 571 1806; x_wconf 85' lang='lat' dir='ltr'>ditiis,</span> <span class='ocrx_word' id='word_1_101' title='bbox 601 1743 644 1796; x_wconf 93' lang='lat' dir='ltr'>ac</span> <span class='ocrx_word' id='word_1_102' title='bbox 658 1720 837 1817; x_wconf 85' lang='lat' dir='ltr'>quaelibet</span> <span class='ocrx_word' id='word_1_103' title='bbox 850 1721 1015 1798; x_wconf 85' lang='lat' dir='ltr'>columna</span> <span class='ocrx_word' id='word_1_104' title='bbox 1030 1732 1171 1795; x_wconf 91' lang='lat' dir='ltr'>tantum</span> <span class='ocrx_word' id='word_1_105' title='bbox 1197 1741 1245 1813; x_wconf 84' lang='lat'>54</span> <span class='ocrx_word' id='word_1_106' title='bbox 1258 1717 1372 1792; x_wconf 86' lang='lat' dir='ltr'>lineas</span> <span class='ocrx_word' id='word_1_107' title='bbox 1386 1718 1661 1817; x_wconf 78' lang='lat' dir='ltr'>complettatur,</span> <span class='ocrx_word' id='word_1_108' title='bbox 1677 1721 1764 1796; x_wconf 88' lang='lat' dir='ltr'>dum</span> <span class='ocrx_word' id='word_1_109' title='bbox 1786 1722 1922 1816; x_wconf 87' lang='lat' dir='ltr'>priores</span> <span class='ocrx_word' id='word_1_110' title='bbox 1944 1720 2121 1795; x_wconf 81' lang='lat' dir='ltr'>editiones</span> <span class='ocrx_word' id='word_1_111' title='bbox 2148 1729 2195 1799; x_wconf 86' lang='lat'>60</span> <span class='ocrx_word' id='word_1_112' title='bbox 2211 1723 2248 1800; x_wconf 85' lang='lat' dir='ltr'>dr</span> <span class='ocrx_word' id='word_1_113' title='bbox 2268 1727 2315 1800; x_wconf 75' lang='lat'>61</span> 
     </span>
     <span class='ocr_line' id='line_1_12' title="bbox 466 1815 2318 1930; baseline -0.001 -33"><span class='ocrx_word' id='word_1_114' title='bbox 466 1821 646 1897; x_wconf 76' lang='lat' dir='ltr'>exhibent</span> <span class='ocrx_word' id='word_1_115' title='bbox 697 1819 757 1894; x_wconf 88' lang='lat' dir='ltr'>lta&#39;</span> <span class='ocrx_word' id='word_1_116' title='bbox 778 1815 1200 1918; x_wconf 87' lang='lat' dir='ltr'>uesitypographusillis</span> <span class='ocrx_word' id='word_1_117' title='bbox 1214 1815 1561 1930; x_wconf 79' lang='lat' dir='ltr'>spatiistamamplis</span> <span class='ocrx_word' id='word_1_118' title='bbox 1575 1817 1905 1917; x_wconf 86' lang='lat' dir='ltr'>adimprirnendum</span> <span class='ocrx_word' id='word_1_119' title='bbox 1923 1818 2005 1894; x_wconf 86' lang='lat' dir='ltr'>vsus</span> <span class='ocrx_word' id='word_1_120' title='bbox 2018 1817 2132 1894; x_wconf 85' lang='lat' dir='ltr'>suisset</span> <span class='ocrx_word' id='word_1_121' title='bbox 2155 1871 2167 1906; x_wconf 95' lang='lat'>,</span> <span class='ocrx_word' id='word_1_122' title='bbox 2192 1819 2318 1896; x_wconf 90' lang='lat' dir='ltr'>silon·</span> 
     </span>
     <span class='ocr_line' id='line_1_13' title="bbox 494 1911 2318 2016; baseline 0.001 -23"><span class='ocrx_word' id='word_1_123' title='bbox 494 1921 607 1993; x_wconf 89' lang='lat' dir='ltr'>iorem</span> <span class='ocrx_word' id='word_1_124' title='bbox 618 1917 761 1993; x_wconf 89' lang='lat' dir='ltr'>adhibui</span> <span class='ocrx_word' id='word_1_125' title='bbox 788 1931 825 1992; x_wconf 92' lang='lat' dir='ltr'>et</span> <span class='ocrx_word' id='word_1_126' title='bbox 840 1939 1042 2016; x_wconf 84' lang='lat' dir='ltr'>papyrum,</span> <span class='ocrx_word' id='word_1_127' title='bbox 1066 1915 1152 1992; x_wconf 75' lang='lat' dir='ltr'>sido</span> <span class='ocrx_word' id='word_1_128' title='bbox 1170 1915 1209 1994; x_wconf 81' lang='lat' dir='ltr'>dr</span> <span class='ocrx_word' id='word_1_129' title='bbox 1225 1922 1270 1994; x_wconf 83' lang='lat'>61</span> <span class='ocrx_word' id='word_1_130' title='bbox 1289 1911 1393 1990; x_wconf 88' lang='lat' dir='ltr'>lineis</span> <span class='ocrx_word' id='word_1_131' title='bbox 1410 1916 1605 2013; x_wconf 90' lang='lat' dir='ltr'>quamlibet</span> <span class='ocrx_word' id='word_1_132' title='bbox 1624 1917 1798 2015; x_wconf 86' lang='lat' dir='ltr'>implesset</span> <span class='ocrx_word' id='word_1_133' title='bbox 1820 1915 2025 1994; x_wconf 88' lang='lat' dir='ltr'>columnam</span> <span class='ocrx_word' id='word_1_134' title='bbox 2049 1971 2062 2010; x_wconf 86' lang='lat'>,</span> <span class='ocrx_word' id='word_1_135' title='bbox 2085 1932 2185 1992; x_wconf 88' lang='lat' dir='ltr'>certe</span> <span class='ocrx_word' id='word_1_136' title='bbox 2195 1920 2318 2006; x_wconf 85' lang='lat' dir='ltr'>¹minor</span> 
     </span>
     <span class='ocr_line' id='line_1_14' title="bbox 464 1941 2315 2102; baseline -0.001 -9"><span class='ocrx_word' id='word_1_137' title='bbox 464 1941 633 2093; x_wconf 65' lang='lat' dir='ltr'>scissorum</span> <span class='ocrx_word' id='word_1_138' title='bbox 647 2037 819 2091; x_wconf 90' lang='lat' dir='ltr'>numerus</span> <span class='ocrx_word' id='word_1_139' title='bbox 841 2017 888 2092; x_wconf 85' lang='lat' dir='ltr'>ad</span> <span class='ocrx_word' id='word_1_140' title='bbox 904 2019 994 2092; x_wconf 90' lang='lat' dir='ltr'>haec</span> <span class='ocrx_word' id='word_1_141' title='bbox 1005 2013 1122 2092; x_wconf 89' lang='lat' dir='ltr'>Biblia</span> <span class='ocrx_word' id='word_1_142' title='bbox 1134 2011 1345 2088; x_wconf 85' lang='lat' dir='ltr'>excudenda</span> <span class='ocrx_word' id='word_1_143' title='bbox 1359 2012 1476 2090; x_wconf 89' lang='lat' dir='ltr'>eidem</span> <span class='ocrx_word' id='word_1_144' title='bbox 1491 2015 1574 2090; x_wconf 88' lang='lat' dir='ltr'>satis</span> <span class='ocrx_word' id='word_1_145' title='bbox 1589 2015 1712 2090; x_wconf 86' lang='lat' dir='ltr'>suisset</span> <span class='ocrx_word' id='word_1_146' title='bbox 1752 2015 1808 2092; x_wconf 89' lang='lat' dir='ltr'>Cl</span> <span class='ocrx_word' id='word_1_147' title='bbox 1831 2035 1990 2090; x_wconf 78' lang='lat' dir='ltr'>ennean</span> <span class='ocrx_word' id='word_1_148' title='bbox 2016 2031 2097 2102; x_wconf 57' lang='lat' dir='ltr'>tarn,</span> <span class='ocrx_word' id='word_1_149' title='bbox 2115 2017 2152 2092; x_wconf 93' lang='lat' dir='ltr'>in</span> <span class='ocrx_word' id='word_1_150' title='bbox 2176 2013 2315 2092; x_wconf 80' lang='lat' dir='ltr'>Neritia</span> 
     </span>
     <span class='ocr_line' id='line_1_15' title="bbox 409 2110 2315 2212; baseline -0.002 -20"><span class='ocrx_word' id='word_1_151' title='bbox 409 2151 412 2156; x_wconf 94' lang='lat'>·</span> <span class='ocrx_word' id='word_1_152' title='bbox 464 2111 559 2192; x_wconf 86' lang='lat' dir='ltr'>Bibs.</span> <span class='ocrx_word' id='word_1_153' title='bbox 579 2113 690 2192; x_wconf 84' lang='lat' dir='ltr'>Germ.</span> <span class='ocrx_word' id='word_1_154' title='bbox 708 2113 731 2188; x_wconf 89' lang='lat' dir='ltr'>l.</span> <span class='ocrx_word' id='word_1_155' title='bbox 745 2137 775 2187; x_wconf 91' lang='lat' dir='ltr'>c.</span> <span class='ocrx_word' id='word_1_156' title='bbox 790 2111 899 2210; x_wconf 91' lang='lat' dir='ltr'>quam</span> <span class='ocrx_word' id='word_1_157' title='bbox 911 2114 949 2190; x_wconf 92' lang='lat' dir='ltr'>in</span> <span class='ocrx_word' id='word_1_158' title='bbox 962 2110 1159 2190; x_wconf 82' lang='lat' dir='ltr'>Annalibus</span> <span class='ocrx_word' id='word_1_159' title='bbox 1170 2133 1285 2208; x_wconf 91' lang='lat' dir='ltr'>nuper</span> <span class='ocrx_word' id='word_1_160' title='bbox 1295 2111 1402 2188; x_wconf 89' lang='lat' dir='ltr'>editis</span> <span class='ocrx_word' id='word_1_161' title='bbox 1413 2114 1557 2189; x_wconf 92' lang='lat' dir='ltr'>tertium</span> <span class='ocrx_word' id='word_1_162' title='bbox 1570 2113 1689 2188; x_wconf 90' lang='lat' dir='ltr'>locum</span> <span class='ocrx_word' id='word_1_163' title='bbox 1701 2114 1827 2188; x_wconf 90' lang='lat' dir='ltr'>iisdem</span> <span class='ocrx_word' id='word_1_164' title='bbox 1847 2115 2018 2196; x_wconf 86' lang='lat' dir='ltr'>attribuit,</span> <span class='ocrx_word' id='word_1_165' title='bbox 2032 2129 2140 2212; x_wconf 87' lang='lat' dir='ltr'>atque</span> <span class='ocrx_word' id='word_1_166' title='bbox 2153 2130 2235 2190; x_wconf 86' lang='lat' dir='ltr'>ante</span> <span class='ocrx_word' id='word_1_167' title='bbox 2250 2137 2315 2189; x_wconf 90' lang='lat' dir='ltr'>an·</span> 
     </span>
     <span class='ocr_line' id='line_1_16' title="bbox 463 2209 2266 2316; baseline -0.001 -27"><span class='ocrx_word' id='word_1_168' title='bbox 463 2235 554 2290; x_wconf 88' lang='lat' dir='ltr'>num</span> <span class='ocrx_word' id='word_1_169' title='bbox 590 2231 705 2307; x_wconf 79' lang='lat'>1470,</span> <span class='ocrx_word' id='word_1_170' title='bbox 744 2211 963 2288; x_wconf 88' lang='lat' dir='ltr'>considerata</span> <span class='ocrx_word' id='word_1_171' title='bbox 977 2209 1404 2316; x_wconf 23' lang='lat' dir='ltr'>„externaeorumsacim</span> <span class='ocrx_word' id='word_1_172' title='bbox 1429 2209 1466 2286; x_wconf 92' lang='lat' dir='ltr'>in</span> <span class='ocrx_word' id='word_1_173' title='bbox 1479 2212 1596 2287; x_wconf 87' lang='lat' dir='ltr'>lucem</span> <span class='ocrx_word' id='word_1_174' title='bbox 1610 2211 1791 2308; x_wconf 87' lang='lat' dir='ltr'>prodiisse,</span> <span class='ocrx_word' id='word_1_175' title='bbox 1818 2211 1979 2288; x_wconf 81' lang='lat' dir='ltr'>adserere</span> <span class='ocrx_word' id='word_1_176' title='bbox 1994 2213 2090 2290; x_wconf 91' lang='lat' dir='ltr'>baud</span> <span class='ocrx_word' id='word_1_177' title='bbox 2116 2215 2266 2290; x_wconf 91' lang='lat' dir='ltr'>dubitat.</span> 
     </span>
     <span class='ocr_line' id='line_1_17' title="bbox 502 2308 2317 2409; baseline 0 -21"><span class='ocrx_word' id='word_1_178' title='bbox 502 2341 505 2347; x_wconf 94' lang='lat'>·</span> <span class='ocrx_word' id='word_1_179' title='bbox 530 2385 533 2394; x_wconf 87' lang='grc'>,</span> <span class='ocrx_word' id='word_1_180' title='bbox 559 2309 796 2408; x_wconf 73' lang='lat' dir='ltr'>impressionis</span> <span class='ocrx_word' id='word_1_181' title='bbox 819 2311 939 2386; x_wconf 89' lang='lat' dir='ltr'>locum</span> <span class='ocrx_word' id='word_1_182' title='bbox 963 2365 973 2396; x_wconf 96' lang='lat'>,</span> <span class='ocrx_word' id='word_1_183' title='bbox 999 2323 1062 2386; x_wconf 93' lang='lat' dir='ltr'>aut</span> <span class='ocrx_word' id='word_1_184' title='bbox 1079 2309 1344 2406; x_wconf 85' lang='lat' dir='ltr'>typographum</span> <span class='ocrx_word' id='word_1_185' title='bbox 1359 2331 1475 2406; x_wconf 92' lang='lat' dir='ltr'>aeque</span> <span class='ocrx_word' id='word_1_186' title='bbox 1496 2332 1622 2407; x_wconf 89' lang='lat' dir='ltr'>parum</span> <span class='ocrx_word' id='word_1_187' title='bbox 1643 2308 1883 2387; x_wconf 85' lang='lat' dir='ltr'>determinare</span> <span class='ocrx_word' id='word_1_188' title='bbox 1906 2312 2032 2386; x_wconf 81' lang='lat' dir='ltr'>audeo.</span> <span class='ocrx_word' id='word_1_189' title='bbox 2071 2311 2166 2388; x_wconf 88' lang='lat' dir='ltr'>Nam</span> <span class='ocrx_word' id='word_1_190' title='bbox 2193 2326 2317 2409; x_wconf 85' lang='lat' dir='ltr'>typus,</span> 
     </span>
     <span class='ocr_line' id='line_1_18' title="bbox 460 2406 2319 2678; baseline -0.002 -93"><span class='ocrx_word' id='word_1_191' title='bbox 460 2406 2319 2678; x_wconf 60' lang='lat' dir='ltr'>russurrensisfistristitiisrsritsnbsbruserris·</span> 
     </span>
    </p>
   </div>
   <div class='ocr_carea' id='block_1_4' title="bbox 345 2601 2314 2698">
    <p class='ocr_par' dir='ltr' id='par_1_4' title="bbox 345 2601 2314 2698">
     <span class='ocr_line' id='line_1_19' title="bbox 345 2601 2314 2698; baseline -0.004 -14"><span class='ocrx_word' id='word_1_192' title='bbox 345 2649 347 2654; x_wconf 95' lang='lat'>·</span> <span class='ocrx_word' id='word_1_193' title='bbox 461 2601 550 2684; x_wconf 82' lang='lat' dir='ltr'>Not.</span> <span class='ocrx_word' id='word_1_194' title='bbox 565 2607 586 2681; x_wconf 90' lang='lat' dir='ltr'>l.</span> <span class='ocrx_word' id='word_1_195' title='bbox 604 2603 663 2681; x_wconf 86' lang='lat' dir='ltr'>cit</span> <span class='ocrx_word' id='word_1_196' title='bbox 691 2603 947 2682; x_wconf 84' lang='lat' dir='ltr'>oblitteratum</span> <span class='ocrx_word' id='word_1_197' title='bbox 961 2605 1035 2680; x_wconf 88' lang='lat' dir='ltr'>simi</span> <span class='ocrx_word' id='word_1_198' title='bbox 1049 2603 1223 2680; x_wconf 90' lang='lat' dir='ltr'>itudinem</span> <span class='ocrx_word' id='word_1_199' title='bbox 1240 2657 1250 2686; x_wconf 91' lang='lat'>,</span> <span class='ocrx_word' id='word_1_200' title='bbox 1274 2601 1335 2677; x_wconf 89' lang='lat' dir='ltr'>nisi</span> <span class='ocrx_word' id='word_1_201' title='bbox 1352 2602 1488 2698; x_wconf 81' lang='lat' dir='ltr'>sigorae</span> <span class='ocrx_word' id='word_1_202' title='bbox 1500 2603 1599 2682; x_wconf 90' lang='lat' dir='ltr'>illurn</span> <span class='ocrx_word' id='word_1_203' title='bbox 1610 2605 1877 2694; x_wconf 85' lang='lat' dir='ltr'>deterruissent,</span> <span class='ocrx_word' id='word_1_204' title='bbox 1903 2619 1966 2679; x_wconf 91' lang='lat' dir='ltr'>aut</span> <span class='ocrx_word' id='word_1_205' title='bbox 1981 2624 2216 2690; x_wconf 78' lang='lat' dir='ltr'>usurario,</span> <span class='ocrx_word' id='word_1_206' title='bbox 2246 2618 2314 2678; x_wconf 87' lang='lat' dir='ltr'>aut</span> 
     </span>
    </p>
   </div>
   <div class='ocr_carea' id='block_1_5' title="bbox 375 2699 2431 3294">
    <p class='ocr_par' dir='ltr' id='par_1_5' title="bbox 375 2699 2431 3294">
     <span class='ocr_line' id='line_1_20' title="bbox 460 2699 2431 2801; baseline -0.002 -21"><span class='ocrx_word' id='word_1_207' title='bbox 460 2715 609 2788; x_wconf 76' lang='lat' dir='ltr'>rvsro,</span> <span class='ocrx_word' id='word_1_208' title='bbox 641 2703 679 2780; x_wconf 82' lang='lat' dir='ltr'>dr</span> <span class='ocrx_word' id='word_1_209' title='bbox 695 2724 975 2797; x_wconf 55' lang='lat' dir='ltr'>senosanam</span> <span class='ocrx_word' id='word_1_210' title='bbox 1001 2703 1087 2781; x_wconf 86' lang='lat' dir='ltr'>&amp;iu</span> <span class='ocrx_word' id='word_1_211' title='bbox 1100 2699 1295 2776; x_wconf 81' lang='lat' dir='ltr'>Annalibus</span> <span class='ocrx_word' id='word_1_212' title='bbox 1313 2699 1468 2776; x_wconf 81' lang='lat' dir='ltr'>Conrado</span> <span class='ocrx_word' id='word_1_213' title='bbox 1488 2723 1628 2777; x_wconf 73' lang='lat' dir='ltr'>sitnon</span> <span class='ocrx_word' id='word_1_214' title='bbox 1652 2701 1864 2800; x_wconf 83' lang='lat' dir='ltr'>Esslingenfi</span> <span class='ocrx_word' id='word_1_215' title='bbox 1878 2701 2321 2801; x_wconf 54' lang='lat' dir='ltr'>rypopraphoeditionem,</span> <span class='ocrx_word' id='word_1_216' title='bbox 2427 2743 2431 2748; x_wconf 96' lang='lat'>-</span> 
     </span>
     <span class='ocr_line' id='line_1_21' title="bbox 375 2797 2311 2899; baseline -0.002 -20"><span class='ocrx_word' id='word_1_217' title='bbox 375 2807 377 2812; x_wconf 81' lang='grc'><em>’</em></span> <span class='ocrx_word' id='word_1_218' title='bbox 459 2803 554 2880; x_wconf 90' lang='lat' dir='ltr'>hanc</span> <span class='ocrx_word' id='word_1_219' title='bbox 569 2797 774 2897; x_wconf 89' lang='lat' dir='ltr'>adsignasl&#39;et</span> <span class='ocrx_word' id='word_1_220' title='bbox 785 2825 797 2895; x_wconf 70' lang='grc' dir='ltr'><strong><em>ς</em></strong></span> <span class='ocrx_word' id='word_1_221' title='bbox 824 2801 994 2899; x_wconf 90' lang='lat' dir='ltr'>astlonge</span> <span class='ocrx_word' id='word_1_222' title='bbox 1014 2797 1185 2878; x_wconf 91' lang='lat' dir='ltr'>aberasset</span> <span class='ocrx_word' id='word_1_223' title='bbox 1208 2799 1262 2874; x_wconf 87' lang='lat' dir='ltr'>vir</span> <span class='ocrx_word' id='word_1_224' title='bbox 1282 2798 1341 2873; x_wconf 90' lang='lat' dir='ltr'>ille</span> <span class='ocrx_word' id='word_1_225' title='bbox 1357 2797 1564 2896; x_wconf 77' lang='lat' dir='ltr'>perdosius,</span> <span class='ocrx_word' id='word_1_226' title='bbox 1589 2799 1769 2878; x_wconf 89' lang='lat' dir='ltr'>dumluce</span> <span class='ocrx_word' id='word_1_227' title='bbox 1785 2803 1917 2880; x_wconf 87' lang='lat' dir='ltr'>clarius</span> <span class='ocrx_word' id='word_1_228' title='bbox 1941 2815 2062 2898; x_wconf 87' lang='lat' dir='ltr'>patet,</span> <span class='ocrx_word' id='word_1_229' title='bbox 2087 2798 2311 2876; x_wconf 78' lang='lat' dir='ltr'>clrarasieres</span> 
     </span>
     <span class='ocr_line' id='line_1_22' title="bbox 458 2895 2315 2997; baseline -0.003 -19"><span class='ocrx_word' id='word_1_230' title='bbox 458 2899 658 2978; x_wconf 88' lang='lat' dir='ltr'>Bibliorum</span> <span class='ocrx_word' id='word_1_231' title='bbox 676 2897 914 2997; x_wconf 91' lang='lat' dir='ltr'>praesentium</span> <span class='ocrx_word' id='word_1_232' title='bbox 931 2901 1037 2996; x_wconf 91' lang='lat' dir='ltr'>longe</span> <span class='ocrx_word' id='word_1_233' title='bbox 1051 2923 1072 2973; x_wconf 91' lang='lat' dir='ltr'>a</span> <span class='ocrx_word' id='word_1_234' title='bbox 1084 2897 1343 2972; x_wconf 79' lang='lat' dir='ltr'>cnarattnibus</span> <span class='ocrx_word' id='word_1_235' title='bbox 1364 2895 1677 2994; x_wconf 88' lang='lat' dir='ltr'>Argentinensium</span> <span class='ocrx_word' id='word_1_236' title='bbox 1703 2954 1713 2987; x_wconf 93' lang='lat'>,</span> <span class='ocrx_word' id='word_1_237' title='bbox 1738 2902 1777 2980; x_wconf 82' lang='lat' dir='ltr'>dr</span> <span class='ocrx_word' id='word_1_238' title='bbox 1791 2901 2088 2996; x_wconf 88' lang='lat' dir='ltr'>Moguatinorum</span> <span class='ocrx_word' id='word_1_239' title='bbox 2108 2899 2284 2973; x_wconf 87' lang='lat' dir='ltr'>discedere</span> <span class='ocrx_word' id='word_1_240' title='bbox 2296 2953 2315 2989; x_wconf 65' lang='lat'>„</span> 
     </span>
     <span class='ocr_line' id='line_1_23' title="bbox 459 2993 2312 3097; baseline -0.002 -23"><span class='ocrx_word' id='word_1_241' title='bbox 459 3022 503 3074; x_wconf 89' lang='lat' dir='ltr'>ac</span> <span class='ocrx_word' id='word_1_242' title='bbox 517 3022 643 3097; x_wconf 89' lang='lat' dir='ltr'>parurn</span> <span class='ocrx_word' id='word_1_243' title='bbox 657 2998 851 3073; x_wconf 82' lang='lat' dir='ltr'>admodum</span> <span class='ocrx_word' id='word_1_244' title='bbox 870 2997 1104 3073; x_wconf 80' lang='lat' dir='ltr'>similitudinis</span> <span class='ocrx_word' id='word_1_245' title='bbox 1117 3019 1200 3072; x_wconf 92' lang='lat' dir='ltr'>cum</span> <span class='ocrx_word' id='word_1_246' title='bbox 1219 2993 1518 3071; x_wconf 77' lang='lat' dir='ltr'>Conradirsuan</span> <span class='ocrx_word' id='word_1_247' title='bbox 1533 2998 1673 3074; x_wconf 91' lang='lat' dir='ltr'>babere.</span> <span class='ocrx_word' id='word_1_248' title='bbox 1710 2999 1830 3096; x_wconf 83' lang='lat' dir='ltr'>Magis</span> <span class='ocrx_word' id='word_1_249' title='bbox 1842 3022 1906 3073; x_wconf 89' lang='lat' dir='ltr'>eos</span> <span class='ocrx_word' id='word_1_250' title='bbox 1920 3000 2090 3072; x_wconf 88' lang='lat' dir='ltr'>accedere</span> <span class='ocrx_word' id='word_1_251' title='bbox 2110 2999 2156 3071; x_wconf 89' lang='lat' dir='ltr'>ad</span> <span class='ocrx_word' id='word_1_252' title='bbox 2168 2997 2312 3072; x_wconf 80' lang='lat' dir='ltr'>Ioannis</span> 
     </span>
     <span class='ocr_line' id='line_1_24' title="bbox 456 3095 2312 3194; baseline 0.001 -23"><span class='ocrx_word' id='word_1_253' title='bbox 456 3119 652 3173; x_wconf 75' lang='lat' dir='ltr'>anamma</span> <span class='ocrx_word' id='word_1_254' title='bbox 675 3098 890 3194; x_wconf 80' lang='lat' dir='ltr'>typographi</span> <span class='ocrx_word' id='word_1_255' title='bbox 915 3095 1113 3192; x_wconf 86' lang='lat' dir='ltr'>Augustani</span> <span class='ocrx_word' id='word_1_256' title='bbox 1132 3109 1284 3192; x_wconf 90' lang='lat' dir='ltr'>typum,</span> <span class='ocrx_word' id='word_1_257' title='bbox 1316 3119 1362 3170; x_wconf 87' lang='lat' dir='ltr'>ex</span> <span class='ocrx_word' id='word_1_258' title='bbox 1376 3095 1546 3170; x_wconf 91' lang='lat' dir='ltr'>adcurata</span> <span class='ocrx_word' id='word_1_259' title='bbox 1571 3096 1759 3172; x_wconf 90' lang='lat' dir='ltr'>collatione</span> <span class='ocrx_word' id='word_1_260' title='bbox 1772 3099 1888 3174; x_wconf 90' lang='lat' dir='ltr'>didici.</span> <span class='ocrx_word' id='word_1_261' title='bbox 1927 3096 2067 3172; x_wconf 87' lang='lat' dir='ltr'>Fauent</span> <span class='ocrx_word' id='word_1_262' title='bbox 2090 3097 2312 3192; x_wconf 82' lang='lat' dir='ltr'>Augustauis</span> 
     </span>
     <span class='ocr_line' id='line_1_25' title="bbox 457 3192 2311 3294; baseline 0.001 -22"><span class='ocrx_word' id='word_1_263' title='bbox 457 3197 598 3292; x_wconf 87' lang='lat' dir='ltr'>magis,</span> <span class='ocrx_word' id='word_1_264' title='bbox 625 3217 733 3292; x_wconf 91' lang='lat' dir='ltr'>quam</span> <span class='ocrx_word' id='word_1_265' title='bbox 746 3195 825 3270; x_wconf 88' lang='lat' dir='ltr'>aliis</span> <span class='ocrx_word' id='word_1_266' title='bbox 838 3195 973 3291; x_wconf 87' lang='lat' dir='ltr'>figurae</span> <span class='ocrx_word' id='word_1_267' title='bbox 986 3197 1084 3290; x_wconf 90' lang='lat' dir='ltr'>ligno</span> <span class='ocrx_word' id='word_1_268' title='bbox 1098 3192 1226 3268; x_wconf 91' lang='lat' dir='ltr'>incisae</span> <span class='ocrx_word' id='word_1_269' title='bbox 1237 3218 1248 3286; x_wconf 91' lang='lat'>;</span> <span class='ocrx_word' id='word_1_270' title='bbox 1275 3194 1410 3270; x_wconf 84' lang='lat' dir='ltr'>constat</span> <span class='ocrx_word' id='word_1_271' title='bbox 1423 3194 1522 3288; x_wconf 90' lang='lat' dir='ltr'>enim</span> <span class='ocrx_word' id='word_1_272' title='bbox 1537 3218 1584 3268; x_wconf 86' lang='lat' dir='ltr'>ex</span> <span class='ocrx_word' id='word_1_273' title='bbox 1599 3216 1759 3271; x_wconf 79' lang='lat' dir='ltr'>snuzan</span> <span class='ocrx_word' id='word_1_274' title='bbox 1788 3197 1900 3272; x_wconf 76' lang='lat' dir='ltr'>Notis.</span> <span class='ocrx_word' id='word_1_275' title='bbox 1919 3193 2008 3270; x_wconf 78' lang='lat' dir='ltr'>atri.</span> <span class='ocrx_word' id='word_1_276' title='bbox 2026 3222 2131 3294; x_wconf 75' lang='lat' dir='ltr'>gerni.</span> <span class='ocrx_word' id='word_1_277' title='bbox 2147 3200 2169 3268; x_wconf 85' lang='lat' dir='ltr'>i.</span> <span class='ocrx_word' id='word_1_278' title='bbox 2184 3198 2239 3284; x_wconf 76' lang='lat' dir='ltr'>cii.</span> <span class='ocrx_word' id='word_1_279' title='bbox 2268 3196 2311 3274; x_wconf 79' lang='lat' dir='ltr'>dc</span> 
     </span>
    </p>
   </div>
   <div class='ocr_carea' id='block_1_6' title="bbox 333 3289 2326 3472">
    <p class='ocr_par' dir='ltr' id='par_1_6' title="bbox 333 3289 2326 3472">
     <span class='ocr_line' id='line_1_26' title="bbox 333 3289 2326 3472; baseline -0.003 -100"><span class='ocrx_word' id='word_1_280' title='bbox 333 3381 336 3390; x_wconf 54' lang='grc'><em>,</em></span> <span class='ocrx_word' id='word_1_281' title='bbox 457 3306 604 3472; x_wconf 60' lang='lat' dir='ltr'>elom</span> <span class='ocrx_word' id='word_1_282' title='bbox 618 3317 697 3370; x_wconf 92' lang='lat' dir='ltr'>com</span> <span class='ocrx_word' id='word_1_283' title='bbox 745 3294 884 3368; x_wconf 90' lang='lat' dir='ltr'>ratione</span> <span class='ocrx_word' id='word_1_284' title='bbox 898 3291 1041 3369; x_wconf 90' lang='lat' dir='ltr'>solerter</span> <span class='ocrx_word' id='word_1_285' title='bbox 1052 3293 1210 3369; x_wconf 85' lang='lat' dir='ltr'>instituta</span> <span class='ocrx_word' id='word_1_286' title='bbox 1221 3306 1391 3390; x_wconf 84' lang='lat' dir='ltr'>expertus</span> <span class='ocrx_word' id='word_1_287' title='bbox 1406 3289 1480 3380; x_wconf 90' lang='lat' dir='ltr'>sui,</span> <span class='ocrx_word' id='word_1_288' title='bbox 1505 3294 1652 3370; x_wconf 87' lang='lat' dir='ltr'>easdem</span> <span class='ocrx_word' id='word_1_289' title='bbox 1666 3295 1805 3391; x_wconf 88' lang='lat' dir='ltr'>prorsus</span> <span class='ocrx_word' id='word_1_290' title='bbox 1819 3297 2009 3371; x_wconf 80' lang='lat' dir='ltr'>Antonium</span> <span class='ocrx_word' id='word_1_291' title='bbox 2025 3317 2120 3370; x_wconf 81' lang='lat' dir='ltr'>soris</span> <span class='ocrx_word' id='word_1_292' title='bbox 2136 3307 2326 3390; x_wconf 48' lang='lat' dir='ltr'>typogra</span> 
     </span>
    </p>
   </div>
   <div class='ocr_carea' id='block_1_7' title="bbox 406 3387 2418 4061">
    <p class='ocr_par' dir='ltr' id='par_1_7' title="bbox 455 3387 2311 3490">
     <span class='ocr_line' id='line_1_27' title="bbox 455 3387 2311 3490; baseline 0 -22"><span class='ocrx_word' id='word_1_293' title='bbox 455 3416 480 3490; x_wconf 92' lang='lat' dir='ltr'>p</span> <span class='ocrx_word' id='word_1_294' title='bbox 507 3387 692 3488; x_wconf 70' lang='lat' dir='ltr'>um&#39;Augu</span> <span class='ocrx_word' id='word_1_295' title='bbox 744 3414 830 3467; x_wconf 89' lang='lat' dir='ltr'>num</span> <span class='ocrx_word' id='word_1_296' title='bbox 840 3391 967 3468; x_wconf 88' lang='lat' dir='ltr'>Bibliis</span> <span class='ocrx_word' id='word_1_297' title='bbox 979 3391 1195 3487; x_wconf 91' lang='lat' dir='ltr'>germanicis</span> <span class='ocrx_word' id='word_1_298' title='bbox 1218 3413 1314 3468; x_wconf 87' lang='lat' dir='ltr'>auno</span> <span class='ocrx_word' id='word_1_299' title='bbox 1332 3413 1423 3489; x_wconf 77' lang='lat'>1477</span> <span class='ocrx_word' id='word_1_300' title='bbox 1439 3391 1536 3489; x_wconf 91' lang='lat' dir='ltr'>typis</span> <span class='ocrx_word' id='word_1_301' title='bbox 1552 3391 1689 3467; x_wconf 85' lang='lat' dir='ltr'>excusis</span> <span class='ocrx_word' id='word_1_302' title='bbox 1698 3391 1898 3482; x_wconf 88' lang='lat' dir='ltr'>inseruisse,</span> <span class='ocrx_word' id='word_1_303' title='bbox 1920 3394 2017 3490; x_wconf 90' lang='lat' dir='ltr'>quod</span> <span class='ocrx_word' id='word_1_304' title='bbox 2038 3407 2162 3468; x_wconf 90' lang='lat' dir='ltr'>tamen</span> <span class='ocrx_word' id='word_1_305' title='bbox 2174 3394 2311 3468; x_wconf 82' lang='lat' dir='ltr'>denui-</span> 
     </span>
    </p>

    <p class='ocr_par' dir='ltr' id='par_1_8' title="bbox 406 3490 2339 3687">
     <span class='ocr_line' id='line_1_28' title="bbox 406 3490 2323 3590; baseline -0.004 -24"><span class='ocrx_word' id='word_1_306' title='bbox 406 3505 409 3510; x_wconf 85' lang='lat'>&#39;</span> <span class='ocrx_word' id='word_1_307' title='bbox 455 3491 572 3566; x_wconf 89' lang='lat' dir='ltr'>lualio</span> <span class='ocrx_word' id='word_1_308' title='bbox 585 3491 772 3587; x_wconf 89' lang='lat' dir='ltr'>hucusque</span> <span class='ocrx_word' id='word_1_309' title='bbox 785 3493 1010 3590; x_wconf 88' lang='lat' dir='ltr'>typographo</span> <span class='ocrx_word' id='word_1_310' title='bbox 1023 3491 1092 3566; x_wconf 91' lang='lat' dir='ltr'>dici</span> <span class='ocrx_word' id='word_1_311' title='bbox 1107 3490 1233 3587; x_wconf 78' lang='lat' dir='ltr'>potuit</span> <span class='ocrx_word' id='word_1_312' title='bbox 1897 3575 1900 3580; x_wconf 18' lang='grc' dir='ltr'>ι</span> <span class='ocrx_word' id='word_1_313' title='bbox 2316 3573 2323 3580; x_wconf 30' lang='lat'><strong>¹</strong></span> 
     </span>
     <span class='ocr_line' id='line_1_29' title="bbox 553 3583 2339 3687; baseline 0.001 -23"><span class='ocrx_word' id='word_1_314' title='bbox 553 3591 636 3664; x_wconf 91' lang='lat' dir='ltr'>Duo</span> <span class='ocrx_word' id='word_1_315' title='bbox 651 3589 840 3685; x_wconf 87' lang='lat' dir='ltr'>praecipue</span> <span class='ocrx_word' id='word_1_316' title='bbox 853 3587 953 3676; x_wconf 90' lang='lat' dir='ltr'>sunt,</span> <span class='ocrx_word' id='word_1_317' title='bbox 982 3612 1074 3687; x_wconf 91' lang='lat' dir='ltr'>quae</span> <span class='ocrx_word' id='word_1_318' title='bbox 1096 3589 1290 3664; x_wconf 90' lang='lat' dir='ltr'>editionem</span> <span class='ocrx_word' id='word_1_319' title='bbox 1304 3583 1526 3683; x_wconf 89' lang='lat' dir='ltr'>praesentem</span> <span class='ocrx_word' id='word_1_320' title='bbox 1546 3587 1703 3664; x_wconf 86' lang='lat' dir='ltr'>maxime</span> <span class='ocrx_word' id='word_1_321' title='bbox 1714 3590 1992 3676; x_wconf 89' lang='lat' dir='ltr'>commendant,</span> <span class='ocrx_word' id='word_1_322' title='bbox 2021 3588 2305 3667; x_wconf 72' lang='lat' dir='ltr'>&amp;bibliotheca</span> <span class='ocrx_word' id='word_1_323' title='bbox 2327 3607 2339 3616; x_wconf 75' lang='grc'><em>’</em></span> 
     </span>
    </p>

    <p class='ocr_par' dir='ltr' id='par_1_9' title="bbox 454 3683 2306 3787">
     <span class='ocr_line' id='line_1_30' title="bbox 454 3683 2306 3787; baseline 0 -22"><span class='ocrx_word' id='word_1_324' title='bbox 454 3710 535 3765; x_wconf 85' lang='lat' dir='ltr'>rum</span> <span class='ocrx_word' id='word_1_325' title='bbox 551 3685 699 3762; x_wconf 88' lang='lat' dir='ltr'>cimeliis</span> <span class='ocrx_word' id='word_1_326' title='bbox 721 3687 947 3762; x_wconf 87' lang='lat' dir='ltr'>adnumerari</span> <span class='ocrx_word' id='word_1_327' title='bbox 961 3687 1135 3774; x_wconf 87' lang='lat' dir='ltr'>suadent,</span> <span class='ocrx_word' id='word_1_328' title='bbox 1160 3687 1239 3763; x_wconf 90' lang='lat' dir='ltr'>eius</span> <span class='ocrx_word' id='word_1_329' title='bbox 1254 3686 1424 3762; x_wconf 87' lang='lat' dir='ltr'>nimirum</span> <span class='ocrx_word' id='word_1_330' title='bbox 1443 3683 1579 3760; x_wconf 90' lang='lat' dir='ltr'>summa</span> <span class='ocrx_word' id='word_1_331' title='bbox 1594 3689 1811 3785; x_wconf 86' lang='lat' dir='ltr'>antiquitas,</span> <span class='ocrx_word' id='word_1_332' title='bbox 1839 3690 1877 3767; x_wconf 82' lang='lat' dir='ltr'>dr</span> <span class='ocrx_word' id='word_1_333' title='bbox 1894 3691 2032 3779; x_wconf 91' lang='lat' dir='ltr'>altum,</span> <span class='ocrx_word' id='word_1_334' title='bbox 2057 3689 2154 3787; x_wconf 89' lang='lat' dir='ltr'>quod</span> <span class='ocrx_word' id='word_1_335' title='bbox 2178 3691 2223 3765; x_wconf 90' lang='lat' dir='ltr'>de</span> <span class='ocrx_word' id='word_1_336' title='bbox 2243 3713 2306 3765; x_wconf 87' lang='lat' dir='ltr'>ea·</span> 
     </span>
    </p>

    <p class='ocr_par' dir='ltr' id='par_1_10' title="bbox 453 3781 2308 3886">
     <span class='ocr_line' id='line_1_31' title="bbox 453 3781 2308 3886; baseline 0.001 -24"><span class='ocrx_word' id='word_1_337' title='bbox 453 3787 538 3862; x_wconf 89' lang='lat' dir='ltr'>dem</span> <span class='ocrx_word' id='word_1_338' title='bbox 554 3784 798 3882; x_wconf 86' lang='lat' dir='ltr'>Bibliographi</span> <span class='ocrx_word' id='word_1_339' title='bbox 813 3785 920 3862; x_wconf 91' lang='lat' dir='ltr'>etiam</span> <span class='ocrx_word' id='word_1_340' title='bbox 934 3786 1205 3882; x_wconf 84' lang='lat' dir='ltr'>praestantiores</span> <span class='ocrx_word' id='word_1_341' title='bbox 1227 3797 1376 3869; x_wconf 90' lang='lat' dir='ltr'>tenent,</span> <span class='ocrx_word' id='word_1_342' title='bbox 1393 3781 1569 3858; x_wconf 81' lang='lat' dir='ltr'>silentium</span> <span class='ocrx_word' id='word_1_343' title='bbox 1589 3793 1600 3869; x_wconf 77' lang='lat'>,‘</span> <span class='ocrx_word' id='word_1_344' title='bbox 1618 3785 1724 3871; x_wconf 88' lang='lat' dir='ltr'>dum,</span> <span class='ocrx_word' id='word_1_345' title='bbox 1754 3788 1842 3863; x_wconf 84' lang='lat' dir='ltr'>telle</span> <span class='ocrx_word' id='word_1_346' title='bbox 1866 3789 1919 3865; x_wconf 70' lang='grc' dir='ltr'><strong>(ΣΙ.</strong></span> <span class='ocrx_word' id='word_1_347' title='bbox 1941 3809 2102 3864; x_wconf 74' lang='lat' dir='ltr'>rantzau</span> <span class='ocrx_word' id='word_1_348' title='bbox 2122 3841 2136 3879; x_wconf 88' lang='lat'>,</span> <span class='ocrx_word' id='word_1_349' title='bbox 2163 3803 2308 3886; x_wconf 89' lang='lat' dir='ltr'>praeter</span> 
     </span>
    </p>

    <p class='ocr_par' dir='ltr' id='par_1_11' title="bbox 451 3879 2338 4056">
     <span class='ocr_line' id='line_1_32' title="bbox 451 3879 2338 4056; baseline 0.002 -94"><span class='ocrx_word' id='word_1_350' title='bbox 451 3881 508 3962; x_wconf 87' lang='lat' dir='ltr'>lli.</span> <span class='ocrx_word' id='word_1_351' title='bbox 527 3904 665 3996; x_wconf 79' lang='lat' dir='ltr'>aeque,</span> <span class='ocrx_word' id='word_1_352' title='bbox 690 3879 1035 4056; x_wconf 40' lang='lat' dir='ltr'>qcDotiilhmumS.</span> <span class='ocrx_word' id='word_1_353' title='bbox 1050 3883 1413 3981; x_wconf 73' lang='lat' dir='ltr'>nmrrPrincipen</span> <span class='ocrx_word' id='word_1_354' title='bbox 1435 3882 1514 3959; x_wconf 88' lang='lat' dir='ltr'>DD.</span> <span class='ocrx_word' id='word_1_355' title='bbox 1529 3881 1724 3960; x_wconf 80' lang='lat' dir='ltr'>Martinam</span> <span class='ocrx_word' id='word_1_356' title='bbox 1744 3907 1931 3966; x_wconf 77' lang='lat' dir='ltr'>crassas</span> <span class='ocrx_word' id='word_1_357' title='bbox 1950 3887 2070 3964; x_wconf 90' lang='lat' dir='ltr'>nullus</span> <span class='ocrx_word' id='word_1_358' title='bbox 2082 3887 2235 3966; x_wconf 85' lang='lat' dir='ltr'>aliusde</span> <span class='ocrx_word' id='word_1_359' title='bbox 2259 3910 2308 3966; x_wconf 84' lang='lat' dir='ltr'>ea</span> <span class='ocrx_word' id='word_1_360' title='bbox 2335 3977 2338 3982; x_wconf 49' lang='grc'><strong>,</strong></span> 
     </span>
    </p>

    <p class='ocr_par' dir='ltr' id='par_1_12' title="bbox 455 3982 2418 4061">
     <span class='ocr_line' id='line_1_33' title="bbox 455 3982 2418 4061; baseline -0.002 0"><span class='ocrx_word' id='word_1_361' title='bbox 455 3995 678 4061; x_wconf 79' lang='lat' dir='ltr'>mentionem</span> <span class='ocrx_word' id='word_1_362' title='bbox 711 3982 792 4057; x_wconf 81' lang='lat' dir='ltr'>ecit</span> <span class='ocrx_word' id='word_1_363' title='bbox 1892 3987 1899 3998; x_wconf 84' lang='grc'><em>“</em></span> <span class='ocrx_word' id='word_1_364' title='bbox 2413 4001 2418 4006; x_wconf 92' lang='grc'><em>·</em></span> 
     </span>
    </p>
   </div>
   <div class='ocr_carea' id='block_1_8' title="bbox 455 4112 2324 4399">
    <p class='ocr_par' dir='ltr' id='par_1_13' title="bbox 455 4112 2324 4399">
     <span class='ocr_line' id='line_1_34' title="bbox 455 4112 2321 4281; baseline -0.001 -24"><span class='ocrx_word' id='word_1_365' title='bbox 455 4112 644 4260; x_wconf 81' lang='lat' dir='ltr'>CLXlV.</span> <span class='ocrx_word' id='word_1_366' title='bbox 676 4161 809 4252; x_wconf 86' lang='lat' dir='ltr'>Biblia</span> <span class='ocrx_word' id='word_1_367' title='bbox 825 4163 981 4263; x_wconf 85' lang='lat' dir='ltr'>latina,</span> <span class='ocrx_word' id='word_1_368' title='bbox 1003 4157 1086 4252; x_wconf 73' lang='lat' dir='ltr'>&#39;sine</span> <span class='ocrx_word' id='word_1_369' title='bbox 1100 4165 1183 4254; x_wconf 92' lang='lat' dir='ltr'>loci</span> <span class='ocrx_word' id='word_1_370' title='bbox 1199 4219 1213 4265; x_wconf 92' lang='lat'>‚</span> <span class='ocrx_word' id='word_1_371' title='bbox 1231 4161 1363 4261; x_wconf 85' lang='lat' dir='ltr'>anni,</span> <span class='ocrx_word' id='word_1_372' title='bbox 1387 4161 1432 4253; x_wconf 81' lang='lat' dir='ltr'>bt</span> <span class='ocrx_word' id='word_1_373' title='bbox 1446 4160 1701 4276; x_wconf 81' lang='lat' dir='ltr'>typographi</span> <span class='ocrx_word' id='word_1_374' title='bbox 1716 4164 1896 4264; x_wconf 87' lang='lat' dir='ltr'>indicio,</span> <span class='ocrx_word' id='word_1_375' title='bbox 1911 4195 2020 4281; x_wconf 85' lang='lat' dir='ltr'>quae</span> <span class='ocrx_word' id='word_1_376' title='bbox 2036 4195 2059 4254; x_wconf 91' lang='lat' dir='ltr'>a</span> <span class='ocrx_word' id='word_1_377' title='bbox 2077 4145 2321 4258; x_wconf 36' lang='lat' dir='ltr'>multisne-¹</span> 
     </span>
     <span class='ocr_line' id='line_1_35' title="bbox 569 4276 2324 4399; baseline 0 -31"><span class='ocrx_word' id='word_1_378' title='bbox 569 4283 759 4394; x_wconf 75' lang='lat' dir='ltr'>n01466</span> <span class='ocrx_word' id='word_1_379' title='bbox 786 4277 996 4395; x_wconf 85' lang='lat' dir='ltr'>Augustae</span> <span class='ocrx_word' id='word_1_380' title='bbox 1011 4306 1084 4395; x_wconf 86' lang='lat' dir='ltr'>per</span> <span class='ocrx_word' id='word_1_381' title='bbox 1103 4277 1405 4376; x_wconf 82' lang='lat' dir='ltr'>loan,Biimler</span> <span class='ocrx_word' id='word_1_382' title='bbox 1418 4276 1828 4392; x_wconf 85' lang='lat' dir='ltr'>impressadicuntur.</span> <span class='ocrx_word' id='word_1_383' title='bbox 1860 4281 1912 4374; x_wconf 85' lang='lat' dir='ltr'>T.</span> <span class='ocrx_word' id='word_1_384' title='bbox 1926 4286 2042 4372; x_wconf 80' lang='lat' dir='ltr'>llin</span> <span class='ocrx_word' id='word_1_385' title='bbox 2057 4281 2131 4376; x_wconf 86' lang='lat' dir='ltr'>fol.</span> <span class='ocrx_word' id='word_1_386' title='bbox 2144 4311 2254 4399; x_wconf 84' lang='lat' dir='ltr'>mag.</span> <span class='ocrx_word' id='word_1_387' title='bbox 2320 4359 2324 4368; x_wconf 93' lang='lat'><em>.</em></span> 
     </span>
    </p>
   </div>
   <div class='ocr_carea' id='block_1_9' title="bbox 450 4457 2399 5236">
    <p class='ocr_par' dir='ltr' id='par_1_14' title="bbox 450 4457 2399 5236">
     <span class='ocr_line' id='line_1_36' title="bbox 550 4457 2304 4562; baseline 0.002 -26"><span class='ocrx_word' id='word_1_388' title='bbox 550 4459 658 4536; x_wconf 80' lang='lat' dir='ltr'>Nunc</span> <span class='ocrx_word' id='word_1_389' title='bbox 671 4460 717 4534; x_wconf 89' lang='lat' dir='ltr'>ad</span> <span class='ocrx_word' id='word_1_390' title='bbox 732 4457 848 4536; x_wconf 88' lang='lat' dir='ltr'>Biblia</span> <span class='ocrx_word' id='word_1_391' title='bbox 869 4458 1096 4538; x_wconf 88' lang='lat' dir='ltr'>describenda</span> <span class='ocrx_word' id='word_1_392' title='bbox 1109 4458 1287 4552; x_wconf 84' lang='lat' dir='ltr'>deuenlo&#39;,</span> <span class='ocrx_word' id='word_1_393' title='bbox 1311 4459 1358 4536; x_wconf 91' lang='lat' dir='ltr'>de</span> <span class='ocrx_word' id='word_1_394' title='bbox 1372 4480 1525 4558; x_wconf 90' lang='lat' dir='ltr'>quorum</span> <span class='ocrx_word' id='word_1_395' title='bbox 1548 4458 1778 4555; x_wconf 88' lang='lat' dir='ltr'>impressionis</span> <span class='ocrx_word' id='word_1_396' title='bbox 1793 4460 1897 4548; x_wconf 88' lang='lat' dir='ltr'>loco,</span> <span class='ocrx_word' id='word_1_397' title='bbox 1927 4485 2048 4548; x_wconf 90' lang='lat' dir='ltr'>anno,</span> <span class='ocrx_word' id='word_1_398' title='bbox 2077 4462 2115 4540; x_wconf 82' lang='lat' dir='ltr'>dr</span> <span class='ocrx_word' id='word_1_399' title='bbox 2130 4475 2304 4562; x_wconf 86' lang='lat' dir='ltr'>typogra-</span> 
     </span>
     <span class='ocr_line' id='line_1_37' title="bbox 452 4551 2305 4662; baseline 0.002 -27"><span class='ocrx_word' id='word_1_400' title='bbox 452 4560 548 4662; x_wconf 90' lang='lat' dir='ltr'>pho,</span> <span class='ocrx_word' id='word_1_401' title='bbox 576 4557 808 4655; x_wconf 87' lang='lat' dir='ltr'>quieaprelo</span> <span class='ocrx_word' id='word_1_402' title='bbox 825 4555 990 4646; x_wconf 82' lang='lat' dir='ltr'>subiecit,</span> <span class='ocrx_word' id='word_1_403' title='bbox 1016 4558 1077 4634; x_wconf 90' lang='lat' dir='ltr'>diu</span> <span class='ocrx_word' id='word_1_404' title='bbox 1094 4561 1166 4634; x_wconf 91' lang='lat' dir='ltr'>iam</span> <span class='ocrx_word' id='word_1_405' title='bbox 1177 4561 1271 4634; x_wconf 93' lang='lat' dir='ltr'>inter</span> <span class='ocrx_word' id='word_1_406' title='bbox 1283 4559 1469 4648; x_wconf 88' lang='lat' dir='ltr'>eruditos,</span> <span class='ocrx_word' id='word_1_407' title='bbox 1495 4558 1581 4654; x_wconf 92' lang='lat' dir='ltr'>quin</span> <span class='ocrx_word' id='word_1_408' title='bbox 1599 4581 1692 4645; x_wconf 90' lang='lat' dir='ltr'>vna,</span> <span class='ocrx_word' id='word_1_409' title='bbox 1720 4573 1784 4634; x_wconf 91' lang='lat' dir='ltr'>aut</span> <span class='ocrx_word' id='word_1_410' title='bbox 1796 4563 1908 4635; x_wconf 89' lang='lat' dir='ltr'>altera</span> <span class='ocrx_word' id='word_1_411' title='bbox 1924 4584 2006 4659; x_wconf 92' lang='lat' dir='ltr'>pars</span> <span class='ocrx_word' id='word_1_412' title='bbox 2029 4551 2129 4638; x_wconf 86' lang='lat' dir='ltr'>litem</span> <span class='ocrx_word' id='word_1_413' title='bbox 2157 4565 2305 4662; x_wconf 85' lang='lat' dir='ltr'>penitus</span> 
     </span>
     <span class='ocr_line' id='line_1_38' title="bbox 453 4655 2302 4754; baseline 0.001 -18"><span class='ocrx_word' id='word_1_414' title='bbox 453 4661 660 4745; x_wconf 88' lang='lat' dir='ltr'>dirimeret,</span> <span class='ocrx_word' id='word_1_415' title='bbox 691 4655 926 4754; x_wconf 85' lang='lat' dir='ltr'>disceptatum</span> <span class='ocrx_word' id='word_1_416' title='bbox 939 4655 1015 4734; x_wconf 81' lang='lat' dir='ltr'>suit</span> <span class='ocrx_word' id='word_1_417' title='bbox 1062 4657 1135 4733; x_wconf 90' lang='lat' dir='ltr'>Alii</span> <span class='ocrx_word' id='word_1_418' title='bbox 1151 4655 1332 4752; x_wconf 85' lang='lat' dir='ltr'>Augustae</span> <span class='ocrx_word' id='word_1_419' title='bbox 1352 4657 1559 4736; x_wconf 89' lang='lat' dir='ltr'>Vindelicae</span> <span class='ocrx_word' id='word_1_420' title='bbox 1573 4677 1668 4732; x_wconf 89' lang='lat' dir='ltr'>anno</span> <span class='ocrx_word' id='word_1_421' title='bbox 1687 4665 1778 4748; x_wconf 77' lang='lat'>1466</span> <span class='ocrx_word' id='word_1_422' title='bbox 1803 4657 2176 4738; x_wconf 78' lang='lat' dir='ltr'>aloanne&#39;snsrntaa</span> <span class='ocrx_word' id='word_1_423' title='bbox 2202 4661 2302 4738; x_wconf 84' lang='lat' dir='ltr'>fuisse</span> 
     </span>
     <span class='ocr_line' id='line_1_39' title="bbox 450 4754 2399 4858; baseline 0.001 -22"><span class='ocrx_word' id='word_1_424' title='bbox 450 4755 614 4857; x_wconf 84' lang='lat' dir='ltr'>¹impressa</span> <span class='ocrx_word' id='word_1_425' title='bbox 630 4755 841 4850; x_wconf 81' lang='lat' dir='ltr'>adfirmant3</span> <span class='ocrx_word' id='word_1_426' title='bbox 868 4756 926 4833; x_wconf 91' lang='lat' dir='ltr'>alii</span> <span class='ocrx_word' id='word_1_427' title='bbox 941 4767 1065 4831; x_wconf 83' lang='lat' dir='ltr'>contm</span> <span class='ocrx_word' id='word_1_428' title='bbox 1082 4777 1295 4832; x_wconf 75' lang='lat' dir='ltr'>nanniano</span> <span class='ocrx_word' id='word_1_429' title='bbox 1310 4756 1511 4832; x_wconf 90' lang='lat' dir='ltr'>abiudicare</span> <span class='ocrx_word' id='word_1_430' title='bbox 1535 4808 1547 4846; x_wconf 90' lang='lat'>,</span> <span class='ocrx_word' id='word_1_431' title='bbox 1575 4754 1614 4832; x_wconf 83' lang='lat' dir='ltr'>dr</span> <span class='ocrx_word' id='word_1_432' title='bbox 1633 4777 1949 4834; x_wconf 75' lang='lat' dir='ltr'>escausraruio</span> <span class='ocrx_word' id='word_1_433' title='bbox 1969 4759 2219 4855; x_wconf 86' lang='lat' dir='ltr'>Argentinenli</span> <span class='ocrx_word' id='word_1_434' title='bbox 2241 4775 2302 4858; x_wconf 90' lang='lat' dir='ltr'>ty·</span> <span class='ocrx_word' id='word_1_435' title='bbox 2396 4833 2399 4838; x_wconf 87' lang='lat'>.</span> 
     </span>
     <span class='ocr_line' id='line_1_40' title="bbox 452 4853 2353 4958; baseline 0.003 -28"><span class='ocrx_word' id='word_1_436' title='bbox 452 4857 636 4958; x_wconf 88' lang='lat' dir='ltr'>pographo</span> <span class='ocrx_word' id='word_1_437' title='bbox 650 4855 854 4948; x_wconf 86' lang='lat' dir='ltr'>vindicare,</span> <span class='ocrx_word' id='word_1_438' title='bbox 876 4855 973 4932; x_wconf 86' lang='lat' dir='ltr'>baud</span> <span class='ocrx_word' id='word_1_439' title='bbox 988 4853 1161 4932; x_wconf 83' lang='lat' dir='ltr'>dubitant</span> <span class='ocrx_word' id='word_1_440' title='bbox 1209 4857 1355 4954; x_wconf 91' lang='lat' dir='ltr'>ltaque,</span> <span class='ocrx_word' id='word_1_441' title='bbox 1384 4877 1467 4942; x_wconf 87' lang='lat' dir='ltr'>cum</span> <span class='ocrx_word' id='word_1_442' title='bbox 1480 4853 1527 4929; x_wconf 92' lang='lat' dir='ltr'>ad</span> <span class='ocrx_word' id='word_1_443' title='bbox 1538 4855 1638 4930; x_wconf 90' lang='lat' dir='ltr'>litem</span> <span class='ocrx_word' id='word_1_444' title='bbox 1654 4856 1938 4954; x_wconf 87' lang='lat' dir='ltr'>qualemcunque</span> <span class='ocrx_word' id='word_1_445' title='bbox 1952 4859 2105 4956; x_wconf 72' lang='lat' dir='ltr'>persedte</span> <span class='ocrx_word' id='word_1_446' title='bbox 2126 4860 2299 4936; x_wconf 86' lang='lat' dir='ltr'>dirimen·</span> <span class='ocrx_word' id='word_1_447' title='bbox 2328 4877 2353 4956; x_wconf 60' lang='lat' dir='ltr'>j</span> 
     </span>
     <span class='ocr_line' id='line_1_41' title="bbox 452 4954 2300 5057; baseline -0.001 -23"><span class='ocrx_word' id='word_1_448' title='bbox 452 4959 538 5034; x_wconf 88' lang='lat' dir='ltr'>dam</span> <span class='ocrx_word' id='word_1_449' title='bbox 551 4956 715 5032; x_wconf 90' lang='lat' dir='ltr'>omnibus</span> <span class='ocrx_word' id='word_1_450' title='bbox 728 4958 887 5033; x_wconf 90' lang='lat' dir='ltr'>numeris</span> <span class='ocrx_word' id='word_1_451' title='bbox 899 4954 1055 5032; x_wconf 86' lang='lat' dir='ltr'>absoluta</span> <span class='ocrx_word' id='word_1_452' title='bbox 1064 4956 1267 5052; x_wconf 89' lang='lat' dir='ltr'>requiratur</span> <span class='ocrx_word' id='word_1_453' title='bbox 1277 4957 1328 5030; x_wconf 87' lang='lat' dir='ltr'>rei</span> <span class='ocrx_word' id='word_1_454' title='bbox 1340 4956 1496 5050; x_wconf 86' lang='lat' dir='ltr'>cognitio</span> <span class='ocrx_word' id='word_1_455' title='bbox 1509 5008 1518 5039; x_wconf 97' lang='lat'>,</span> <span class='ocrx_word' id='word_1_456' title='bbox 1532 4954 1740 5052; x_wconf 86' lang='lat' dir='ltr'>prlusquam</span> <span class='ocrx_word' id='word_1_457' title='bbox 1761 4958 1805 5029; x_wconf 90' lang='lat' dir='ltr'>ad</span> <span class='ocrx_word' id='word_1_458' title='bbox 1821 4959 2005 5056; x_wconf 84' lang='lat' dir='ltr'>vtriusque</span> <span class='ocrx_word' id='word_1_459' title='bbox 2017 4961 2127 5057; x_wconf 91' lang='lat' dir='ltr'>partis</span> <span class='ocrx_word' id='word_1_460' title='bbox 2140 4960 2300 5033; x_wconf 86' lang='lat' dir='ltr'>virorum</span> 
     </span>
     <span class='ocr_line' id='line_1_42' title="bbox 452 5051 2322 5236; baseline -0.002 -103"><span class='ocrx_word' id='word_1_461' title='bbox 452 5067 665 5236; x_wconf 57' lang='grc' dir='ltr'>ιτςιιωεὲξι</span> <span class='ocrx_word' id='word_1_462' title='bbox 678 5054 916 5157; x_wconf 83' lang='lat' dir='ltr'>proferenda,</span> <span class='ocrx_word' id='word_1_463' title='bbox 943 5073 987 5133; x_wconf 91' lang='lat' dir='ltr'>ac</span> <span class='ocrx_word' id='word_1_464' title='bbox 1001 5055 1232 5159; x_wconf 84' lang='lat' dir='ltr'>ponderanda</span> <span class='ocrx_word' id='word_1_465' title='bbox 1244 5053 1472 5158; x_wconf 84' lang='lat' dir='ltr'>progrediar,</span> <span class='ocrx_word' id='word_1_466' title='bbox 1487 5051 1616 5132; x_wconf 89' lang='lat' dir='ltr'>eadem</span> <span class='ocrx_word' id='word_1_467' title='bbox 1634 5054 1838 5135; x_wconf 87' lang='lat' dir='ltr'>adcuratius</span> <span class='ocrx_word' id='word_1_468' title='bbox 1850 5113 1859 5147; x_wconf 92' lang='lat'>,</span> <span class='ocrx_word' id='word_1_469' title='bbox 1872 5079 1914 5138; x_wconf 91' lang='lat' dir='ltr'>ac</span> <span class='ocrx_word' id='word_1_470' title='bbox 1929 5061 2101 5161; x_wconf 85' lang='lat' dir='ltr'>prolixius</span> <span class='ocrx_word' id='word_1_471' title='bbox 2110 5057 2298 5134; x_wconf 87' lang='lat' dir='ltr'>adumbra·</span> <span class='ocrx_word' id='word_1_472' title='bbox 2319 5124 2322 5129; x_wconf 84' lang='lat'>.</span> 
     </span>
     <span class='ocr_line' id='line_1_43' title="bbox 453 5174 675 5235; baseline 0.009 -2"><span class='ocrx_word' id='word_1_473' title='bbox 453 5179 494 5233; x_wconf 93' lang='lat' dir='ltr'>re</span> <span class='ocrx_word' id='word_1_474' title='bbox 510 5179 599 5234; x_wconf 89' lang='lat' dir='ltr'>cona</span> <span class='ocrx_word' id='word_1_475' title='bbox 646 5174 675 5235; x_wconf 86' lang='lat' dir='ltr'>r.</span> 
     </span>
    </p>
   </div>
   <div class='ocr_carea' id='block_1_10' title="bbox 2145 5349 2428 5456">
    <p class='ocr_par' dir='ltr' id='par_1_15' title="bbox 2145 5349 2428 5456">
     <span class='ocr_line' id='line_1_44' title="bbox 2145 5349 2428 5456; baseline -0.014 0"><span class='ocrx_word' id='word_1_476' title='bbox 2145 5375 2249 5456; x_wconf 88' lang='lat' dir='ltr'>Haec</span> <span class='ocrx_word' id='word_1_477' title='bbox 2305 5349 2320 5360; x_wconf 25' lang='grc' dir='ltr'><strong>Μ</strong></span> <span class='ocrx_word' id='word_1_478' title='bbox 2425 5429 2428 5434; x_wconf 91' lang='grc'><strong>-</strong></span> 
     </span>
    </p>
   </div>
   <div class='ocr_carea' id='block_1_11' title="bbox 0 0 2704 6284">
    <p class='ocr_par' dir='ltr' id='par_1_16' title="bbox 0 0 2704 6284">
     <span class='ocr_line' id='line_1_45' title="bbox 0 0 2704 6284; baseline 0 3"><span class='ocrx_word' id='word_1_479' title='bbox 0 0 2704 6284; x_wconf 95' lang='lat' dir='ltr'> </span> 
     </span>
    </p>
   </div>
  </div>
 </body>
</html>
