5400 6284
1085 611 1087 616 -
1194 523 1521 646 ssssss
1660 609 1663 614 -
1888 627 1891 632 ,
1990 595 2001 606 -
2215 571 2284 630 ιιι

380 787 386 796 -
435 773 537 851 mm
545 749 598 827 'od
606 759 638 825 te
651 746 698 823 mi
699 747 817 846 frater
829 737 988 821 iohannes
1000 741 1087 819 bono
1098 739 1216 842 gratio
1228 762 1296 837 quo
1308 763 1360 815 me
1367 736 1494 838 semper
1504 739 1597 816 onice
1613 763 1730 818 amor:
1753 767 1819 828 eon
1843 741 1976 820 omnino
1986 741 2113 823 iniuria
2117 747 2152 848 fi
2162 770 2226 844 pro
2250 758 2284 824 ta

429 847 665 953 fratribusque
681 848 749 920 tuis
757 871 859 944 parce
874 842 1000 920 laboro.
1018 841 1234 941 Quapropter
1248 863 1321 913 cum
1333 837 1507 938 uniuersus
1523 838 1693 939 sticsermo
1705 865 1773 916 non
1795 843 1843 917 od
1854 845 2078 944 ostentandam
2091 848 2286 944 ingeniosae

436 973 537 1045 aeqae
545 946 596 1042 ¹od
602 946 747 1043 gloriam
763 940 1021 1042 comparandam
1039 965 1125 1015 ame
1139 940 1307 1040 institutus
1309 940 1368 1038 fit.
1380 937 1496 1034 sedat
1510 937 1713 1110 honejiffme
1737 941 1905 1015 uoluntati
1927 954 1981 1052 tac
1996 941 2102 1018 obtem
2126 968 2209 1019 erem
2224 970 2232 1019 :
2249 950 2285 1046 fi

436 1045 526 1143 qaod
545 1047 581 1120 ιἰι
604 1069 654 1118 me
677 1041 823 1118 dotrina
838 1044 879 1140 ess
893 1040 930 1116 id
942 1037 1080 1114 libenter
1091 1035 1268 1137 effundam.
1290 1036 1462 1133 interrogo
1487 1037 1614 1136 interpr
1638 1035 1777 1112 oobiice
1799 1042 1939 1133 confoto
1960 1067 2024 1140 pro
2046 970 2190 1119 oririmo
2210 1055 2285 1122 teo.

434 1144 515 1219 Hac
529 1145 614 1218 enim
628 1144 685 1217 bia
700 1138 738 1214 id
752 1138 843 1235 quod
855 1141 1021 1235 querimus
1035 1161 1147 1211 oerum
1161 1132 1340 1211 dilucidius
1347 1131 1536 1231 apparebit.
1582 1135 1810 1216 Terminatur
1822 1140 1990 1234 prologus
2004 1138 2124 1216 auersa
2141 1140 2216 1216 solii
2230 1138 2284 1217 se·

433 1242 537 1318 cundi
551 1243 681 1338 pagina
702 1293 711 1323 ,
732 1239 827 1314 linea
849 1259 906 1330 31.
955 1236 1015 1311 Ad
1029 1235 1164 1310 calcem
1184 1232 1302 1332 operis
1322 1229 1511 1329 sequentia·
1526 1234 1720 1310 maioribus
1747 1235 1875 1311 litteris
1897 1237 2059 1335 impressa
2078 1237 2284 1315 habenturr

433 1340 646 1418 Fraternitat
659 1337 738 1411 cleri
746 1359 809 1434 prr
820 1334 980 1409 dodonem
1001 1332 1043 1408 V
1038 1336 1155 1407 lricam
1167 1335 1279 1407 edito:
1301 1333 1361 1427 qai
1372 1331 1472 1430 vulgo
1491 1330 1533 1406 V
1528 1332 1609 1407 lma
1627 1334 1662 1406 in
1680 1333 1723 1408 V
1717 1337 1785 1408 lma
1797 1345 1936 1409 vocatur
1936 1337 2024 1450 finit
2034 1337 2195 1433 feliciter.

528 1440 582 1511 De
598 1435 743 1510 auilore
763 1453 841 1517 eac
866 1434 911 1507 de
925 1433 1085 1507 eiusdem
1103 1454 1210 1526 opere
1225 1431 1349 1506 nullibi
1366 1432 1560 1526 quamdam
1577 1433 1739 1507 inuenire
1753 1433 1853 1530 potui
1869 1436 2045 1514 nondam.
2074 1431 2283 1514 Vlmensen
2328 1473 2334 1483 ·
2387 1521 2394 1534 ,

429 1533 550 1621 suillo,
581 1539 624 1613 aa
639 1531 845 1618 dostorem,
871 1530 987 1606 linaiis
998 1528 1197 1625 subscriptio
1218 1530 1416 1608 nosdocet.
2136 1591 2141 1598 .

434 1673 713 1841 ¹CXXXVlll.
741 1709 909 1910 qlqberti
933 1709 1083 1822 Magni
1108 1706 1328 1796 Ratisbon.
1356 1706 1552 1826 Episcopi
1574 1707 1745 1797 liberde
1771 1704 2047 1795 Abundantia
2070 1693 2283 1825 exen'ptos

542 1850 647 1910 rum.
677 1851 725 1910 ιιι
759 1851 817 1919 ο.

526 2003 676 2100 Septem
690 2005 847 2101 partibus
859 2001 930 2077 hoc
942 2025 1054 2099 opus,
1074 2025 1117 2077 ac
1133 2001 1226 2077 soliis
1240 2004 1288 2080 66
1308 2002 1467 2090 constat,
1491 2003 1618 2080 eodem
1636 2000 1861 2089 charaiiere,
1876 2022 1949 2099 quo
1963 2000 2193 2100 praecedens,
2208 2003 2280 2080 im·

429 2100 590 2200 prelium.
630 2101 764 2177 Aueria
780 2103 883 2198 primi
897 2100 969 2175 solii
983 2101 1112 2196 pagina
1128 2101 1252 2199 Incipit
1267 2100 1355 2200 Regi
1380 2128 1454 2177 rum
1466 2104 1557 2203 istius
1573 2099 1665 2178 iibri.
1701 2101 1802 2184 Eolio
1817 2098 1969 2175 secundo
1992 2099 2215 2196 Incipitlibcr
2236 2105 2279 2178 de
2315 2163 2317 2170 .
2376 2119 2382 2130 ‘

428 2196 638 2274 &eudomio
652 2200 872 2295 exemplorum
887 2201 1035 2370 magqssri
1047 2196 1184 2275 Alberti
1196 2202 1310 2298 magni
1360 2200 1481 2299 atispo.
1503 2199 1646 2300 episcopi
1667 2200 1714 2274 od
1728 2223 1854 2273 omnem
1871 2202 2055 2272 materiam.
2097 2198 2279 2287 Haec,&

427 2295 604 2394 superiora
621 2299 814 2373 maioribus
826 2297 953 2372 litteris
980 2310 1046 2371 unt
1066 2297 1224 2394 expressa
1242 2353 1252 2381 ,
1279 2301 1329 2373 vti
1346 2300 1384 2377 &
1397 2301 1518 2375 omnia
1531 2299 1768 2395 capitulorum
1782 2310 2003 2393 argumenta.
2056 2295 2176 2398 Prima
2199 2297 2278 2374 solii

427 2397 523 2486 tertii
539 2397 829 2494 paginaprologo
842 2394 953 2479 sinito,
978 2395 1070 2468 linea
1085 2421 1128 2471 ιι
1147 2395 1448 2492 Incipitdenmore
1460 2399 1654 2495 capitulum
1669 2399 1835 2491 primum,
1858 2396 1978 2471 Prima
1991 2392 2066 2468 solii
2078 2395 2127 2472 66
2143 2397 2280 2489 pagina
2309 2445 2312 2450 -
2415 2407 2420 2422 '

428 2490 524 2569 biert
536 2491 621 2569 iiber
632 2496 673 2569 de
683 2494 893 2570 abundantia
905 2493 1125 2591 exemplorum
1142 2496 1291 2593 mogr‘jsri
1301 2494 1439 2570 Arbon·
1448 2499 1563 2592 inagni
1576 2494 1732 2593 Ratispa.
1743 2493 1883 2592 episcopi
1894 2490 1942 2568 ad
1950 2515 2075 2566 omnem
2087 2494 2276 2571 materiam.
2451 2537 2459 2546 -

519 2591 655 2668 Desunt
667 2594 807 2667 litterae
823 2590 1000 2674 initiales,
1023 2588 1246 2683 signaturae,
1273 2593 1457 2679 custodes,
1483 2594 1766 2690 paginarumque
1781 2593 1932 2666 numeri.
1976 2586 2277 2688 lnterpunstionir
2339 2605 2344 2612 ‘

379 2695 384 2702 '
424 2687 521 2788 ligna
536 2701 730 2766 occurrunt
743 2687 934 2786 punstum,
959 2687 997 2765 dc
1018 2688 1131 2763 colon.
2273 2749 2277 2756 ,

450 2863 453 2868 ,
526 2786 582 2864 Cl.
598 2807 787 2862 raurrno
802 2787 909 2861 huius
931 2786 1097 2863 editionis
1111 2786 1154 2862 T.
1171 2787 1196 2862 l.
1224 2784 1360 2883 Aspar.
1376 2809 1409 2884 p.
1435 2797 1503 2884 567
1531 2787 1752 2865 mentionem
1765 2784 1902 2862 faciens
1923 2840 1933 2872 ,
1958 2783 2135 2863 ruilsmis
2157 2787 2274 2864 adnue

368 2889 371 2900 '
426 2895 553 2962 ruerat.
596 2883 695 2962 Falso
709 2908 800 2983 opus
815 2884 904 2960 istud
917 2907 1095 2960 nuesnro
1110 2883 1164 2960 M.
1181 2883 1408 2969 adscribitur,
1436 2886 1523 2962 dum
1546 2908 1799 2972 necovurrr,
1826 2885 2285 2982 necaliusoperaDoslo·¹

424 2983 476 3060 na
490 2982 597 3060 huius
610 3003 839 3072 memorans,
860 2984 906 3057 de
918 3007 962 3057 eo
974 2983 1196 3059 mentionem
1208 2983 1325 3058 insert.
1345 2982 1496 3081 ¹Insuper
1507 2985 1693 3081 exempla,
1711 3007 1804 3081 quae
1824 2986 1986 3079 partime
2003 2982 2149 3079 profana
2163 3035 2174 3067 ,
2190 3004 2274 3081 par·

423 3081 489 3156 tim
506 3103 552 3156 ex
567 3081 797 3158 ecclesiastica
814 3081 954 3156 historia
979 3081 1161 3168 desumto,
1198 3082 1310 3156 multa
1331 3080 1479 3168 absona,
1516 3107 1559 3158 ac
1583 3084 1707 3180 putida
1730 3083 1902 3181 segmenta
1923 3082 2088 3158 annuo
2110 3080 2269 3169 habeut,

422 3200 516 3276 quae
530 3195 627 3255 certe
641 3193 743 3255 tanto
765 3179 855 3257 Viro
868 3180 1007 3254 erudito
1021 3179 1239 3264 adscribere,
1264 3203 1337 3253 non
1351 3180 1439 3254 leuis
1457 3183 1582 3256 iniuria
1596 3181 1689 3256 esser„

452 3356 699 3554 Cilisxlgs.¹
722 3354 891 3445 Nicolai
913 3354 966 3444 de
989 3354 1271 3473 Dinckelspiel
1297 3356 1617 3444 concordantia
1643 3361 1688 3443 in
1714 3353 1939 3474 passionem
1967 3356 2238 3445 dominicam.

566 3496 611 3558 ιιι
654 3497 713 3558 ο.
1074 3520 1076 3524 -
1737 3554 1742 3560 ,

523 3649 668 3727 llscolar
689 3650 729 3725 de
743 3670 1071 3740 orucustsmut,
1103 3650 1247 3726 natione
1270 3653 1503 3737 Germanus,
1528 3653 1642 3750 patria
1667 3650 1834 3738 Sueuos,
1860 3648 2042 3751 Gymnasri
2057 3646 2268 3728 Viennensis

422 3749 576 3836 Restor,
604 3748 666 3847 qui
686 3771 783 3825 anno
804 3774 896 3846 1420
909 3749 1035 3824 claruit
1048 3749 1192 3835 ,multa
1202 3751 1335 3845 ingenii
1364 3750 1413 3826 sui
1427 3765 1660 3827 monumenta
1673 3749 1867 3846 posteritati
1879 3752 2022 3849 reliquit
2038 3803 2049 3836 ,
2066 3749 2161 3826 iuter
2173 3769 2267 3844 quae
2311 3819 2314 3826 .

423 3848 462 3928 dt
484 3846 648 3942 praeseus
659 3849 760 3925 venit
771 3849 1045 3933 concordantia,
1071 3847 1107 3923 in
1128 3852 1230 3922 cuius
1255 3849 1373 3924 sronte
1386 3851 1512 3924 maiori
1525 3863 1618 3946 typo
1644 3849 1845 3944 impressum
1861 3851 2014 3945 legitur:
2036 3845 2114 3922 Inci
2133 3847 2165 3920 “t
2187 3869 2267 3921 coa·

421 3941 601 4030 cordoncio
612 3947 648 4019 in
656 3947 833 4047 pofflonem
849 3946 1056 4022 dominicam,
1070 3943 1113 4020 ob
1130 3950 1260 4045 egregio
1273 3948 1438 4045 quondam
1465 3950 1537 4022 viro
1556 3953 1712 4046 magistro
1733 3947 1880 4024 Nicolao
1896 3946 2104 4045 Diacielspic
2143 3942 2268 4020 scolia-

422 4042 483 4134 tta.
536 4043 692 4119 litterae
717 4044 871 4118 initiales
882 4044 999 4120 nullae
1012 4046 1208 4141 adparent,
1256 4047 1343 4119 nulli
1360 4046 1542 4130 custodes,
1570 4063 1632 4120 aut
1646 4045 1863 4140 signaturae,
1886 4046 2045 4142 nullique
2055 4046 2268 4140 paginarum

394 4196 396 4200 2
421 4142 573 4221 numeri.
613 4141 752 4217 Eodem
767 4140 987 4228 morabere,
1013 4165 1084 4238 quo
1098 4143 1369 4237 praecedentia,
1386 4144 1476 4218 haec
1488 4144 1750 4220 concordantia
1770 4144 1932 4239 impressa
1944 4143 2018 4226 est,
2038 4141 2203 4235 foliisque
2218 4142 2267 4232 36
2310 4231 2314 4238 ,

420 4243 636 4318 continetur.
673 4240 844 4336 Singulae
858 4241 1008 4338 paginae
1020 4242 1175 4315 maxima
1194 4264 1239 4314 ex
1261 4258 1362 4337 parte
1376 4269 1418 4330 ιι
1437 4242 1551 4316 lineas
1564 4239 1862 4337 complesuntur.¹
1901 4237 2127 4317 Teiminatur
2148 4237 2269 4342 prinus¹
2390 4271 2402 4290 κ

420 4339 534 4418 ιΙιίιιιί
550 4339 627 4416 solii
644 4339 800 4438 pagiua,
824 4339 918 4417 linea
932 4351 979 4433 38
994 4392 1003 4423 ,
1024 4339 1125 4414 cuius
1149 4338 1274 4415 ultima
1287 4339 1394 4413 verba
1412 4337 1513 4415 sunt:
1539 4339 1614 4415 Deo
1631 4340 1776 4438 gracias.
2344 4363 2351 4374 ·

352 4647 355 4656 Ι
478 4530 608 4628 ext,
637 4505 798 4622 ubero
814 4533 991 4649 magn,
1016 4533 1388 4623 srueruesecrens
1404 4538 1621 4622 murreum
1645 4559 1742 4620 com
1758 4531 2080 4622 commentatos.
2108 4533 2207 4644 inq.
2309 4633 2335 4662 Α

514 4725 747 4822 lucipitopus
769 4726 841 4802 stne
857 4728 984 4814 titulo,
1013 4742 1075 4804 aut
1095 4728 1318 4829 inscriptione
1333 4730 1559 4826 sequentibus
1587 4727 1722 4828 prologi
1745 4727 1883 4803 verbis:
1906 4723 2034 4806 Scribit
2054 4723 2264 4898 pbilosqpluo
2307 4803 2310 4808 ,

415 4821 686 4928 philosophorum
704 4828 852 4922 princeps
857 4827 1008 4924 stemnius
1024 4854 1048 4923 4
1063 4828 1274 4909 Etiicorom.
1316 4830 1506 4926 Prologum
1521 4829 1675 4906 secundo
1686 4827 1770 4904 lolio
1792 4825 1924 4923 excipit
1944 4822 2088 4918 epistola
2111 4846 2157 4900 au
2190 4828 2265 4903 oria

419 4924 465 4998 ad
479 4921 673 5032 quemdam
686 4923 839 4995 amicum
859 4978 869 5008 ,
895 4928 996 5000 cuius
1015 4929 1158 5002 hortatu
1171 5003 1173 5008 ,
1186 4929 1350 5044 praesens
1374 4927 1578 5024 opusculum
1594 4924 1722 5021 scripsit
1734 4933 1863 5020 ,quae
1881 4921 1943 4996 tali
1969 4921 2077 4998 modo
2092 4923 2263 5002 inchoat:

419 5021 551 5100 Dilcsto
561 5017 624 5121 pti
637 5021 673 5093 in
687 5043 756 5133 xpo
767 5020 859 5118 socio
873 5021 912 5099 &
928 5026 1036 5099 amico
1051 5025 1100 5102 N.
1115 5028 1231 5102 clerico
1245 5028 1284 5102 de
1296 5029 1359 5103 toii
1372 5028 1442 5103 loco
1455 5026 1695 5126 oercstrpieotir
1709 5021 1749 5099 si
1761 5033 1973 5118 augmentum
1998 5021 2188 5097 continuum
2212 5028 2265 5099 oi·
2316 5087 2319 5091 .

419 5117 634 5216 representis.
662 5117 822 5204 Primum
834 5122 1027 5217 capitulum
1039 5126 1165 5224 incipit
1178 5123 1300 5202 auersa
1317 5127 1414 5204 tertii
1424 5126 1500 5204 solii
1520 5125 1648 5222 pagina
1662 5120 1734 5197 fine
1758 5119 1856 5198 omni
1870 5115 1975 5194 titulo
1999 5172 2009 5202 ,
2035 5136 2098 5197 aut
2118 5123 2265 5219 capituli

419 5215 572 5302 indicio»
599 5217 696 5315 quod
709 5218 817 5292 etiarn
831 5240 894 5316 per
906 5220 1086 5318 integrum
1101 5248 1192 5323 opus
1206 5224 1423 5304 obseruator.
1478 5225 1615 5300 'sentus
1629 5217 1831 5296 charaslere
1847 5215 2062 5309 maiuscula,
2093 5218 2264 5316 expositio

419 5336 506 5396 rero
520 5313 734 5464 minitando,
759 5339 831 5418 quo
843 5321 1117 5419 praecedentia,
1143 5324 1381 5518 impstffini‘}
1413 5323 1550 5406 Desunt
1559 5321 1701 5448 bonae
1710 5319 1866 5402 initiales
1882 5372 1894 5411 ,
1911 5317 2144 5493 signatoriod
2146 5317 2283 5508 gilo-‚l
