5400 6284
1200 529 1526 644 ⁵0³ssss
2212 555 2282 640 ¹⁶5

426 765 537 830 eornm
548 741 740 849 profcffione
757 742 886 844 incipit.
928 743 1138 842 Sequuntur
1153 743 1268 818 totins
1279 740 1399 836 operis
1416 753 1654 832 argumenta,
1668 759 1761 836 qnae
1787 733 1919 836 septem
1933 737 2050 836 priora
2077 737 2160 816 solia
2176 759 2286 818 occa·

425 863 515 950 pant
530 903 539 932 ,
553 848 679 943 qulbus
696 847 821 920 titulus
835 845 891 918 his
907 848 1024 918 verbis
1037 841 1195 916 adiestus
1207 841 1256 916 est
1274 863 1284 912 ε
1309 837 1448 916 Summa
1461 837 1479 936 (
1487 841 1618 934 fratris
1633 839 1756 914 elberti
1768 839 1920 938 Magni!
1945 839 2161 938 Ralisponen.
2177 863 2286 935 qccon·

341 941 346 950 ¹
415 950 503 1026 aon
519 942 690 1042 Episcopi.
699 943 894 1044 proscffiont
908 941 1035 1016 ordinis
1043 937 1319 1040 predicatorum)
1335 941 1371 1010 in
1378 935 1587 1034 sacramenti
1598 941 1766 1038 eucaristie
1780 939 2005 1013 traslatrclnm.
2021 939 2121 1038 ipsus
2136 941 2171 1013 in
2184 964 2287 1036 gene·

425 1071 460 1122 rc
477 1044 683 1140 difficultates
696 1040 916 1139 militaresque
931 1035 1174 1140 disputabilitcr
1185 1035 1394 1138 persentiant
1409 1033 1422 1108 !
1436 1035 1673 1133 multiplicibus
1699 1036 1977 1136 esicatifflmisquc
2000 1039 2098 1112 dorcic
2113 1039 2286 1136 operanti·

425 1141 495 1218 bur.
510 1145 545 1215 in
557 1140 715 1215 donantis
730 1142 890 1240 largitate
905 1141 1103 1214 renuntietis
1115 1137 1128 1212 l
1152 1138 1198 1211 ad
1210 1137 1339 1210 laudem
1354 1135 1406 1206 dei
1410 1137 1559 1229 feliciter
1571 1137 1749 1232 compilata
1764 1139 1834 1209 inci
1855 1139 1893 1210 it.
1934 1137 2038 1211 Haec
2061 1137 2175 1234 prima
2204 1136 2284 1212 solii

422 1240 561 1338 septimi
576 1240 706 1336 pagina
720 1241 979 1330 tenninanrun
1003 1236 1125 1312 auersa
1143 1259 1255 1311 vanua
1275 1235 1333 1308 esi.
1372 1231 1472 1308 Folio
1486 1233 1644 1330 sequenti
1657 1237 1780 1331 inci-pit
1844 1233 1993 1309 collatur
2012 1238 2047 1310 in
2058 1234 2285 1332 prohemio'de

421 1341 560 1436 diuerss
567 1337 772 1433 sacramenti
785 1334 973 1411 nominibus
997 1333 1166 1432 inquibus
1184 1334 1250 1432 seor
1261 1358 1384 1432 genera
1399 1331 1629 1426 difficultatum
1657 1332 1824 1430 (propter
1841 1331 2095 1410 innumerabiles
2111 1333 2284 1450 gratior)

425 1439 530 1512 ondit.
558 1436 618 1510 Ad
635 1435 769 1510 calcem
783 1438 900 1530 operis
917 1437 1068 1529 legitur:
1095 1431 1233 1510 Sunmm
1248 1433 1380 1531 fratris
1406 1431 1543 1506 cslbcrti
1564 1438 1679 1528 ncngrci
1709 1437 1744 1506 in
1772 1434 1988 1508 tratsatulum
2015 1435 2181 1606 encaqqslie
2229 1444 2284 1508 nrt

416 1533 647 1710 pgqijq'tmrsc
669 1557 732 1634 per
749 1534 864 1610 iolsem
888 1533 1013 1611 Zeincr
1032 1535 1069 1608 in
1090 1533 1189 1631 opido
1207 1536 1273 1608 olm
1301 1532 1479 1632 diligente-r
1504 1531 1669 1632 impensa.
1700 1531 1809 1608 Anno
1830 1532 1958 1607 domni
1988 1529 2100 1614 ΜΟ
2132 1529 2168 1606 C
2196 1529 2283 1610 ‚L-

527 1731 626 1827 Opus
647 1728 783 1827 ipsum,
831 1727 927 1823 quod
947 1741 1100 1826 excepto
1115 1729 1233 1805 indice
1258 1785 1270 1814 ,
1294 1727 1380 1806 solia
1405 1753 1472 1824 ης
1491 1729 1760 1826 complessitur,
1786 1727 1989 1826 impressum
2007 1727 2057 1804 est
2072 1739 2184 1828 typo,
2207 1750 2282 1826 qno

426 1831 632 1906 immediate
645 1825 875 1926 praecedens.
914 1827 1094 1904 Foliorum
1108 1851 1296 1904 numerum
1310 1831 1346 1903 iri
1360 1851 1497 1926 opere,
1523 1853 1595 1902 non
1610 1829 1697 1902 item
1726 1831 1762 1902 in
1778 1829 1921 1918 indice,
1948 1827 2045 1903 cifris
2057 1829 2217 1902 romanis
2240 1829 2280 1902 in

426 1927 593 2025 superiori
604 1929 765 2022 margine
780 1925 964 2002 adnotauit
976 1926 1045 2026 ipse
1062 1931 1309 2026 typographus
1327 1954 1337 2000 .·
1366 1929 1561 2022 signatores
1575 1947 1662 2002 vero
1676 1982 1687 2012 ,
1703 1927 1741 2004 dr
1757 1927 1919 2001 custodes
1934 1927 2179 2023 praetermisit
2206 1927 2281 2001 lni-

426 2027 529 2102 tiases
545 2028 685 2102 litterae
699 2023 984 2120 adparentligno
997 2029 1135 2103 incisae.
1176 2027 1311 2104 Charta
1325 2027 1374 2102 est
1389 2029 1490 2100 sinna
1516 2026 1685 2122 quidem,
1710 2023 1769 2099 sed
1782 2025 1903 2099 minue
1917 2025 2023 2109 alba,
2049 2023 2089 2102 δι
2106 2023 2227 2122 polita.

523 2125 605 2200 Non
628 2125 808 2200 immerito
833 2124 998 2220 praesens
1023 2127 1131 2202 editio
1154 2127 1331 2202 rarissimis
1357 2130 1638 2212 adnumeratur,
1666 2125 1754 2200 dum
1768 2125 1881 2200 altum
1894 2123 1989 2222 apud
2005 2123 2282 2223 Bibliographoe

427 2221 604 2300 silentium
618 2222 664 2298 de
678 2245 721 2298 ea
736 2220 951 2299 obsecuntur.

426 2401 500 2501 lv.
530 2397 634 2490 sixti
651 2401 720 2496 Ν.
736 2401 783 2496 Ρ.
800 2395 863 2496 Μ.
887 2402 1209 2492 Trauatusduo
1228 2460 1239 2498 ‚
1267 2431 1372 2490 untes
1390 2404 1442 2490 de
1462 2403 1672 2518 Sanguine
1692 2399 1872 2500 Christi,
1890 2399 2065 2489 alterdc
2082 2406 2281 2518 potentia
2427 2500 2441 2518 Δ

541 2517 638 2610 Dei.
673 2515 977 2632 Norimbergae
994 2543 1066 2630 per
1084 2515 1331 2604 Fridericum
1355 2519 1557 2604 Creusner
1573 2543 1688 2604 anno
1709 2543 1833 2632 ¹474·
1863 2519 1909 2602 in
1931 2517 2004 2603 sos

524 2717 664 2772 sixtus
678 2695 742 2775 IV.
770 2692 967 2791 Francescus
992 2719 1196 2772 anvvnnn
1211 2713 1318 2773 antea
1345 2711 1522 2786 roceum,
1543 2695 1813 2773 nationeltalus
1839 2697 1953 2795 patria
1966 2697 2106 2794 Ligur,
2131 2695 2280 2774 Ordinis

425 2795 608 2871 Minorem
625 2793 825 2883 Professus,
849 2793 1014 2870 Pontifex
1033 2795 1107 2891 post
1128 2819 1245 2872 nnvtr
1261 2797 1309 2870 Is
1328 2799 1463 2872 obitum
1488 2819 1585 2870 anno
1603 2819 1694 2893 ¹41¹
1720 2796 1964 2890 proclamatus
1976 2797 2036 2872 est.
2082 2797 2147 2872 Vir
2174 2795 2280 2894 supra

426 2916 658 2968 communem
672 2891 884 2968 Pontificum
900 2893 1027 2968 sortem
1050 2893 1232 2981 eruditus,
1256 2898 1302 2971 de
1317 2920 1358 2972 re
1380 2897 1549 2970 litteraria
1572 2896 1708 2991 optime
1727 2897 1877 2970 meritus
1899 2947 1913 2984 ‚
1939 2895 2000 2991 qui
2023 2893 2278 2970 bibliothecam

426 2990 639 3068 Vaticanum
652 2990 809 3067 educitis
823 3015 869 3066 ex
881 2994 1024 3091 Europa
1038 2995 1277 3091 undequaque
1302 2998 1400 3072 libris
1420 2996 1584 3079 institnit,
1617 2995 1844 3079 custodibus,
1885 2994 2036 3068 librariis
2062 2993 2277 3079 Hebraicis.

424 3091 564 3186 muccis
578 3091 616 3168 de
629 3090 750 3166 latinis
764 3089 921 3168 addistis.
959 3091 1105 3189 Scripsit
1118 3095 1321 3191 praesentes
1335 3091 1506 3171 nanetus
1531 3095 1567 3168 in
1582 3093 1803 3180 cardinalatu
1813 3093 1897 3180 suo,
1923 3091 2160 3171 &rcvuosl
2173 3115 2280 3192 prue-

424 3187 593 3263 decessori
609 3188 669 3264 suo
683 3191 870 3264 dedicauit.

511 3287 653 3400 -lncipit
665 3290 799 3402 primus
812 3286 984 3399 mattatha
1003 3285 1075 3399 stne
1087 3286 1193 3360 titulo
1206 3309 1228 3360 a
1243 3285 1384 3360 Ioannis
1399 3286 1550 3383 Philippi
1569 3288 1810 3400 muniantur
1833 3288 2198 3402 Messanenstssicnli
2216 3301 2280 3386 tp·
2428 3375 2433 3390 Ι

424 3385 1281 3580 mersisset}tsssstssshsttts
1294 3383 2277 3592 slasset{Jtltsshtlhssttsms‘sttstt

425 3607 532 3674 nem,
561 3605 653 3680 quae
666 3581 722 3656 his
736 3581 774 3657 in
787 3583 991 3658 aestatibus
1004 3581 1224 3668 elucescunt,
1242 3584 1408 3658 maximis
1421 3583 1585 3656 laudibus
1600 3601 1762 3656 exornat.
1778 3585 1818 3657 ln
1837 3585 1908 3660 sine
1921 3597 2024 3682 rogat
2036 3638 2046 3669 ,
2057 3597 2100 3657 vt
2113 3582 2146 3658 se
2161 3585 2278 3679 ips'um

425 3683 462 3758 in
479 3683 645 3758 omnibus
658 3694 698 3758 vt
710 3705 886 3776 egenum,
904 3697 942 3756 vt
955 3681 1184 3756 sidesissrmum
1199 3682 1594 3776 ‚immortalitatisqne,
1617 3681 1655 3757 de
1668 3682 1813 3756 laudum
1829 3683 1967 3782 suarum
1988 3683 2276 3767 studiosissimum,

420 3783 718 3856 commendatum
733 3783 873 3857 habeut.
925 3781 1161 3856 lsiamauenb
1177 3781 1251 3855 solii
1275 3781 1416 3854 secundi
1457 3782 1565 3873 agina
1589 3779 1721 3876 excipit
1739 3780 2001 3859 Cardinalictit.
2027 3780 2066 3857 S.
2080 3801 2202 3856 auant
2227 3783 2278 3856 ad
2354 3782 2358 3788 '

427 3879 631 3954 vincula-
644 3902 755 3954 srxrr
774 3877 801 3952 l
801 3877 840 3954 V
850 3917 899 3933 —
917 3880 964 3954 ad
979 3902 1139 3954 nnvrvrn
1155 3878 1200 3954 ll
1211 3877 1395 3976 praefatio.
1447 3880 1518 3954 olio
1533 3880 1645 3954 tertio
1654 3880 1791 3976 primus
1802 3881 1927 3978 incipit
1938 3877 2113 3956 uastatur
2125 3879 2172 3954 de
2184 3877 2279 3956 San·

426 3979 527 4074 guine
545 3974 685 4077 canpe,
713 3982 775 4074 qui
791 3978 876 4052 solio
890 3990 934 4073 87
951 4000 1034 4054 cum
1048 3977 1204 4075 sequenti
1221 3977 1466 4076 subscriptione
1479 3978 1712 4053 terminatur:
1739 3977 1897 4078 Explicit
1912 3979 2076 4054 trallatue
2088 3977 2278 4078 desangui·

426 4101 468 4151 ne
483 4073 614 4176 Clrn'sli.
632 4071 808 4176 impressere
825 4074 1053 4174 Nurnnbcrgc
1063 4101 1122 4174 por
1138 4077 1340 4152 siidcrimm
1359 4075 1531 4176 Cicusncr.
1553 4075 1661 4151 Anno
1673 4075 1800 4152 damini
1815 4076 1989 4177 Millcstrno
2013 4077 2275 4174 quadringente-

404 4179 503 4277 „fimo
511 4173 744 4290 septuagcsrno
760 4187 891 4290 quarto.
906 4173 1003 4252 Laus
1017 4176 1335 4288 deauclcmcntifflmo.
1375 4177 1487 4252 Paulo
1499 4173 1646 4250 insenius
1656 4173 1781 4272 incipit
1794 4175 2155 4276 Regislrunrsoliorum
2173 4177 2276 4250 huius

425 4272 849 4472 opmqvqliq'uqqsqquqrtqse
872 4274 1269 4470 iedliasilclrlslsrimipit
1291 4369 1454 4444 tretium
1478 4369 1525 4484 qd
1542 4370 1688 4446 Paulum
1713 4367 1857 4468 Papam.
1873 4365 1925 4447 II.
1954 4372 2223 4471 cannpilalurpcr
2233 4373 2275 4466 s,

431 4469 760 4570 wlinahmsanisi
778 4469 875 4546 Petri
886 4472 934 4545 ad
945 4475 1093 4546 uinculo:
1116 4472 1225 4546 Hunc
1237 4469 1425 4545 ranarum
1439 4468 1569 4567 scnpsrt
1582 4483 1706 4544 contra
1719 4470 1924 4566 quosdam,
1948 4474 2008 4567 qui
2032 4473 2203 4646 ’γαίων
2220 4467 2277 4544 dci

424 4569 607 4668 peantium
619 4583 735 4645 contra
746 4574 847 4670 ipfius
858 4571 1055 4668 dignitatem
1067 4573 1164 4668 smus
1190 4567 1230 4645 ss
1243 4572 1485 4668 lennenstotem
1510 4571 1757 4666 ccrtiesriuolic
1776 4567 1968 4646 rationibus
1993 4593 2035 4647 ar
2064 4595 2124 4648 art
2138 4581 2274 4644 contem

321 4686 332 4714 t
427 4665 532 4754 dunt,
544 4665 873 4765 eamquesubcerta.
890 4668 1170 4764 determinntnpur
1184 4667 1336 4764 mensuro
1357 4669 1545 4743 concludere
1561 4693 1626 4743 non
1637 4665 1833 4765 formidant
1846 4723 1856 4756 ‚
1870 4669 2042 4770 caffmcntcr
2054 4721 2067 4756 ,
2080 4669 2179 4744 denne
2202 4691 2275 4742 oen-

426 4769 625 4866 repetentem
642 4767 850 4852 accindatur,
875 4793 977 4865 ncquc
988 4771 1127 4864 aliquem
1145 4767 1362 4868 sulqsplrrmum
1372 4765 1461 4866 perse
1468 4766 1621 4865 salutet,
1637 4769 1792 4866 smilitcr
1816 4793 1917 4864 ncqrcc
1932 4768 2096 4860 Petram,
2116 4779 2181 4841 aul
2197 4763 2275 4860 sas·

427 4865 960 5038 “mffisslmmsa'sm’
975 4867 1052 5040 {ini
1067 4869 1156 5039 haeq
1167 4866 1298 5040 aclsiesia
1318 4866 1420 5040 snrpstc
1438 4858 1604 5040 Lscructdgp
1616 4861 2275 5044 qcmcntifflnco.tsgiqcrchrrthlqrssnhq:

596 4985 950 5048 erae,u1usraec
999 4991 1047 5040 uo
1113 4987 1434 5054 retractatae,
1479 4991 1525 5041 un
1602 4987 1705 5040 eem
1779 4987 1978 5042 masna
2040 5017 2110 5041 e.
2169 4986 2217 5042 ex

425 5065 499 5140 bet.
523 5061 662 5137 Desunt
675 4983 855 5146 custodem
870 4991 1319 5164 agamenespaqrnaruni
1330 5069 1469 5140 numeri
1486 5065 1523 5143 dt
1538 5067 1691 5142 initiales
1701 4989 1851 5140 sulcas.
1877 5055 2025 5142 Censtat
2042 5066 2211 5160 rosisse,
2285 5085 2287 5090 ·

415 5195 439 5208 -·
519 5161 741 5236 Editiohaec
756 5159 919 5236 rarissima
932 5153 1225 5260 ,Bibhogeaphis
1241 5185 1368 5260 pamm
1390 5179 1500 5250 nota,
1527 5163 1720 5240 seeundum
1735 5162 1853 5238 locum
1866 5166 1996 5242 mereri
2008 5165 2097 5242 milti
2115 5166 2292 5244 vitetur(

426 5253 871 5338 Primamenimsoleanncs
884 5260 1061 5362 Philippus
1074 5264 1120 5340 de
1133 5284 1310 5372 cinnami
1324 5264 1465 5436 {ornae
1480 5285 1577 5340 anno
1594 5286 1682 5360 ¹47¹
1701 5262 1739 5339 in
1752 5262 1872 5342 secem
1886 5265 2012 5356 emisit,
2025 5259 2271 5376 requeren-

1383 5387 1408 5441 a
2130 5381 2225 5440 mli!
