5400 6284
408 553 536 676 mr
811 491 863 508 ν
927 631 929 638 Ι
1188 537 1513 651 4,ssss

503 741 614 844 -Quid
627 741 675 830 de
698 743 944 844 editionibus,
974 762 1068 842 quae
1100 741 1221 820 verius
1243 742 1347 842 supra
1372 737 1566 840 exscriptas
1590 741 1744 828 haheat.
1770 741 1995 826 sentiendum
2017 743 2085 834 fir'.
2111 737 2311 828 Cij'tthe'·

310 891 314 912 ι
412 859 553 930 murus
568 855 606 930 in
622 847 718 924 Edit.
735 844 828 922 Bibl.
845 843 884 923 S.
902 847 931 920 le
946 843 1046 940 Loug
1058 841 1102 920 P.
1117 843 1169 921 II.
1189 841 1269 920 Vol.
1289 837 1473 920 IIL'ca·
1492 841 1648 920 breuiter
1669 868 1736 920 uos
1760 847 1897 926 edocet.
1942 849 2154 932 „Editioues
2171 849 2266 936 illae,

418 955 586 1052 stupuit,
610 948 692 1023 aliis
706 943 788 1021 sunt
801 945 908 1040 longe
923 942 1190 1042 praeferendae.
1230 939 1256 1023 1.
1272 942 1367 1029 Qula
1381 959 1521 1016 errores
1538 940 1616 1016 sunt
1630 945 1822 1020 emendati.
1868 943 1911 1020 Il.
1939 949 2031 1034 Quia
2055 947 2115 1022 lric
2143 951 2269 1039 vulga.

419 1071 519 1144 „mm
532 1051 580 1126 od
596 1047 674 1126 MS.
688 1047 849 1122 codicem
863 1055 1092 1124 reuocatam,
1116 1044 1155 1120 dc
1180 1043 1410 1116 emendatam
1434 1039 1503 1114 elie
1524 1041 1682 1124 carihat.
1709 1046 1944 1140 comptiores
1969 1047 2161 1142 praecipue
2185 1049 2269 1122 llio·

351 1201 353 1208 ·
421 1145 701 1246 ..rimbergenles
716 1165 950 1220 nouvacnm
968 1143 1264 1238 adarchetypum
1286 1140 1926 1238 Mogontinumexemplarformatae
1945 1143 2033 1222 iunt
2082 1139 2272 1222 Editioues

418 1254 571 1340 „horum
601 1245 799 1322 Bibliorum
822 1239 902 1318 lunt
926 1240 1074 1337 triplicis
1094 1241 1258 1335 generis,
1285 1235 1417 1314 scilicet
1437 1241 1644 1334 genuinae,
1666 1241 1872 1328 deductae.
1895 1243 1933 1320 &
1964 1241 2111 1340 spuriae.
2165 1247 2270 1330 Quae

421 1373 513 1440 „nec
541 1347 686 1436 locum,
711 1364 780 1420 nec
799 1341 1065 1439 typographum
1093 1343 1250 1428 hahent,
1279 1337 1480 1434 genuinae;
1509 1361 1602 1435 quae
1630 1353 1822 1438 utrumque
1847 1340 2048 1436 adpulitum
2074 1333 2271 1426 exhibenti

421 1450 628 1538 „deriuatae
650 1467 660 1536 3
686 1439 821 1539 spuriae
847 1439 1002 1534 denique
1027 1439 1216 1522 dicuntur,
1235 1439 1298 1513 ubi
1320 1439 1548 1534 typographo
1562 1437 1715 1534 placuit,
1740 1440 1974 1531 editionibus,
2000 1439 2269 1540 qualesueillae

405 1541 506 1634 hm,
532 1542 652 1624 versus
677 1540 761 1618 istos
786 1539 1012 1615 memoriales
1026 1539 1230 1635 adponere,
1258 1537 1385 1635 quibus
1402 1535 1511 1612 editio
1524 1536 1587 1612 ista
1599 1541 1881 1614 commendatur.
1979 1541 1986 1552 ’

422 1731 474 1826 11.
502 1727 545 1823 S.
578 1669 783 1822 hatoniui
815 1718 1013 1835 Archiep.
1047 1719 1302 1814 florentini,
1344 1743 1437 1833 pars
1469 1720 1604 1833 prima
1629 1679 1841 1820 Summae,
1871 1719 2056 1810 Veneriis
2076 1749 2149 1838 pet
2169 1721 2272 1818 Nic.

539 1836 701 1932 lenton,
713 1859 827 1925 anno
847 1861 969 1950 1479.
986 1836 1032 1922 in
1047 1829 1122 1920 fol.

517 2040 559 2120 si
581 2038 625 2114 cl
649 2055 773 2112 naurs
802 2032 892 2108 fides
921 2029 971 2105 ell
996 2025 1220 2113 adhibenda,
1247 2027 1337 2102 haec
1357 2023 1510 2102 secunda
1527 2027 1638 2124 partis
1654 2030 1788 2126 primae
1815 2027 1852 2106 S.
1877 2033 2273 2114 ruuoumrsmnue

424 2142 534 2218 editio
547 2138 599 2214 est
621 2159 633 2230 ;
684 2135 810 2209 rimam
826 2132 924 2207 enim
938 2129 1195 2220 Norimhergae
1218 2149 1313 2200 anno
1334 2140 1427 2222 1473
1444 2150 1491 2200 ex
1506 2151 1737 2204 hoavucanr
1766 2129 1906 2206 officina
1918 2133 1957 2206 in
1967 2134 2085 2210 lucem
2098 2131 2272 2231 pradilis,

274 2229 280 2240 ’
424 2242 463 2318 iu
491 2239 626 2314 Memor
672 2227 996 2323 .Bibl.Garell.·p.
1030 2241 1106 2316 ¹28·
1132 2225 1287 2298 tollatur.
1625 2233 1631 2238 '

434 2407 436 2414 .
522 2339 562 2412 ln
575 2333 652 2410 folii
669 2331 776 2430 primi
800 2325 923 2404 auersa
948 2325 1079 2425 pagina
1093 2321 1266 2421 Fraeacisci
1281 2323 1517 2422 Momlieuss,
1544 2326 1655 2421 quiin
1682 2323 1764 2401 Nic.
1787 2347 1935 2406 rausou
1954 2326 2095 2407 officina
2108 2335 2273 2424 recognie

425 2435 515 2522 toris
529 2453 677 2510 munere
704 2427 941 2526 fungebatur,
967 2425 1003 2498 in
1019 2419 1184 2520 praesens
1201 2446 1291 2518 opus
1306 2423 1448 2519 epistola
1463 2423 1593 2516 legitur
1607 2447 1617 2515 ;
1642 2425 1678 2498 in
1707 2425 1774 2498 hac
1798 2428 1919 2519 operis
1946 2427 2054 2504 lruius
2080 2431 2272 2506 utilitatem

425 2536 582 2614 celebrat
594 2575 608 2619 ‚·
630 2521 849 2626 laudumque
877 2525 1051 2600 encomiis
1066 2521 1177 2618 ipsum
1191 2524 1454 2618 typographum
1468 2523 1618 2598 extollit
1671 2523 1827 2598 Preterea
1850 2524 1974 2615 hahes,
1997 2529 2136 2624 iuquit,
2162 2529 2274 2604 hrcex
2347 2595 2352 2602 .

425 2637 548 2730 tectura
567 2623 928 2718 litterarumcarah'ere
943 2621 1083 2712 Nicaiai
1097 2619 1213 2734 [rasae
1232 2618 1358 2734 (latici
1377 2643 1386 2694 :
1414 2623 1474 2734 qai
1499 2623 1615 2736 mfrita
1644 2623 1731 2735 irater
1757 2647 1868 2697 omues
1889 2623 2016 2702 obtinet
2032 2630 2272 2726 principatum.

425 2721 1234 2926 tt‘ttttttttttt‘ltuttttltfs'
1250 2719 1476 2893 iltuit
1490 2733 1890 2919 {litthfltttt
1912 2725 2275 2927 ttulistis:
2375 2847 2382 2858 .-

426 2928 615 3018 ιυωίὣτω
630 2927 746 3004 attulit
776 2947 785 2997 ε
811 2924 862 2996 ita
889 2933 926 2996 ut
946 2919 1031 2994 uihil
1053 2945 1082 3018 e¹
1113 2941 1122 2992 t
1149 2916 1378 3012 qrradaddas:
1404 2919 1456 2992 uel
1468 2919 1609 2994 miricas.
1664 2919 1705 2992 ln
1723 2918 1798 2994 folii
1812 2918 1954 2996 l'ecundi
1967 2923 2086 2998 fronte
2100 2924 2191 3000 naec
2210 2927 2275 3000 ira·

426 3032 557 3108 beatur
570 3021 731 3124 imprella
759 3046 767 3093 :
797 3019 915 3095 Prima
938 3041 1023 3116 pars
1066 3041 1170 3090 umme
1181 3017 1313 3111 fratris
1330 3014 1524 3094 Anthoniui
1550 3015 1589 3091 de
1604 3018 1769 3112 sarmatia
1783 3019 1948 3095 :taediuis
1967 3023 2214 3118 predicatorum
2232 3021 2274 3100 fi

427 3126 592 3223 Archiepi
618 3119 806 3218 florentini.
859 3117 902 3191 Iu
916 3141 982 3213 qua
997 3119 1113 3212 agitur
1137 3115 1176 3187 de
1194 3115 1306 3188 arrium
1321 3113 1362 3189 fi
1393 3117 1431 3187 dr
1442 3114 1684 3212 pertimutiiur
1704 3116 1751 3189 ad
1772 3115 1890 3214 ipsam.
1943 3117 2067 3215 Incipit
2087 3123 2273 3217 proemium

407 3229 533 3304 .totiur
545 3226 666 3324 aperis.
713 3218 943 3296 Prooemium
955 3215 1113 3312 sequitur
1131 3215 1250 3288 tabula
1273 3213 1476 3304 titulorum3
1502 3214 1659 3290 tabulam
1673 3215 1757 3290 lolio
1781 3229 1908 3309 quarto
1937 3215 2044 3314 ipsius
2068 3221 2189 3314 operis
2206 3221 2275 3294 ini·

427 3319 530 3404 ttoni
580 3319 641 3398 Aa
658 3319 794 3396 calcem
809 3314 957 3412 laquens
972 3317 1121 3390 habetur
1137 3314 1291 3388 notitia:
1320 3313 1482 3412 Hiefiuis
1500 3316 1606 3412 prime
1622 3317 1734 3410 partis
1747 3312 1874 3410 saltuum
1902 3314 2120 3398 Authoaieu's
2145 3319 2275 3394 ardiur'e
2356 3375 2360 3382 -

425 3424 673 3526 predicatorum
687 3443 697 3492 :
721 3413 971 3513 Archipresulis
978 3415 1155 3507 sorrutim'
1169 3409 1307 3486 Summa
1322 3436 1427 3485 cura:
1451 3409 1491 3486 02
1503 3437 1603 3500 apua
1616 3414 1771 3511 castigata
1784 3425 1883 3509 atque
1895 3414 2072 3490 emendate.
2113 3443 2157 3490 ex
2170 3419 2275 3514 iucly-

428 3523 613 3618 taosiciaa
640 3513 780 3594 Maniai
795 3512 926 3612 Iessea
935 3509 1051 3609 gallici
1074 3507 1248 3606 Millefima
1272 3511 1591 3608 quadringentesima
1600 3507 1840 3610 septuagesima
1863 3538 1960 3590 uano.
2010 3517 2119 3589 decius
2140 3516 2276 3591 adauae

433 3619 548 3698 Calue.
576 3617 770 3694 Ianuarias.
798 3609 895 3689 Obiit
908 3614 991 3687 idem
998 3609 1096 3708 sacre
1100 3608 1270 3708 scripture
1298 3613 1461 3706 interpres
1480 3609 1586 3684 Anao
1613 3612 1678 3707 leg.
1692 3636 1752 3708 gre
1765 3635 1774 3684 ε
1789 3614 2059 3712 quiuquagesrua
2079 3638 2177 3692 uana.
2202 3615 2276 3696 VI.

430 3743 539 3806 uaeas
555 3718 646 3800 mai:
668 3716 770 3800 arius
781 3707 1007 3813 epithaphium
1019 3708 1187 3809 sepulture
1212 3707 1273 3784 hoc
1296 3713 1338 3807 esl
1360 3710 1524 3806 affixum:

438 3865 445 3878 .
711 3885 725 3896 ,,
898 3809 969 3884 Hic
983 3813 1023 3910 est
1051 3805 1103 3882 illc
1117 3820 1197 3884 tuus
1210 3812 1320 3906 pasiar
1333 3809 1496 3900 stauratio
1521 3834 1532 3878 .·
1550 3832 1615 3905 pra
1637 3833 1703 3904 pua

901 3907 983 3992 Nou
1009 3905 1108 4007 cesus
1130 3911 1225 4002 maesia
1241 3904 1403 4003 spargere
1429 3931 1504 3980 rore
1526 3932 1641 4002 gerrae.

897 4003 1063 4088 Patribus
1092 4004 1184 4078 haurd
1206 4004 1322 4102 priscis
1348 4004 1472 4100 pietate
1495 4003 1690 4080 sturmium
1711 4007 1820 4104 impar

423 4193 425 4198 Ι
572 4115 576 4124 ’
712 4183 714 4188 ,
816 4194 819 4202 Ι
899 4103 973 4206 Qui
984 4102 1116 4207 scripst
1142 4104 1304 4200 quicquid
1321 4105 1434 4182 littera
1448 4102 1551 4204 sacro
1573 4105 1676 4180 ducet.

431 4212 558 4294 Vltimi
586 4209 662 4286 folii
675 4209 790 4308 prima
813 4205 944 4305 pagina
962 4201 1118 4280 indicem
1137 4205 1172 4278 in
1188 4205 1301 4278 trium
1313 4203 1490 4278 columnis
1507 4204 1787 4300 comprehendit.

525 4311 712 4404 lntegrum
726 4310 796 4382 hoc
820 4327 911 4403 opus
932 4325 990 4398 32.
1008 4301 1229 4400 plagulamm
1243 4300 1440 4388 fasciculis,
1466 4301 1595 4378 litteris
1619 4301 1764 4396 signatis
1790 4303 1927 4378 conllat
1953 4329 1961 4377 :
1989 4303 2214 4399 praetera&
2229 4327 2279 4394 a·;

422 4437 463 4509 p,
478 4435 502 4484 u
515 4411 553 4486 dt
577 4407 621 4484 G.
636 4430 764 4492 ornnes
778 4405 857 4480 lunt
876 4402 1040 4500 quaterni
1055 4428 1067 4482 ,·
1094 4401 1142 4474 illi
1161 4415 1282 4476 autem
1299 4400 1379 4474 sunt
1393 4401 1574 4495 quinterni
1598 4425 1608 4474 ι
1630 4401 1689 4475 illi
1703 4401 1805 4474 terni.
1858 4404 2025 4500 Superbit
2039 4404 2128 4476 haec
2145 4403 2278 4488 editio,

431 4509 581 4586 rubricis
592 4521 684 4603 typo
697 4502 887 4602 euprelhs,
911 4499 1043 4584 litteris
1056 4497 1250 4582 initialibus
1263 4499 1466 4580 mactatis,
1493 4499 1532 4576 da
1559 4499 1666 4574 variis
1693 4500 1871 4574 coloribus
1885 4499 2053 4594 dapitlis.
2077 4503 2280 4576 charactere

431 4607 576 4704 gatlrico
587 4602 803 4689 minusculo,
826 4625 870 4676 ac
893 4599 1031 4690 nitido,
1057 4597 1201 4672 chartae
1228 4619 1274 4671 ue
1299 4596 1493 4680 finalitate.
1520 4595 1559 4674 dr
1588 4599 1761 4678 munditia
1789 4621 1800 4670 ε
1824 4597 1874 4671 all
1896 4598 2015 4673 nullos
2039 4601 2190 4675 ostendit
2217 4623 2280 4673 cu·

430 4703 570 4791 stodes,
602 4726 720 4800 neque
746 4702 958 4800 paginarrun
979 4717 1159 4772 numeros.
1191 4713 1198 4794 Ἰ
1247 4697 1413 4782 atricae,
1441 4697 1479 4774 dt
1500 4694 1658 4792 lingulae
1672 4697 1788 4771 lineae
1813 4695 2048 4792 capitulomrn
2075 4701 2210 4796 primae
2223 4699 2280 4772 lit·

433 4806 520 4892 &tit
534 4799 840 4898 naucularum
862 4793 1056 4896 imprellae.
1705 4847 1708 4852 -

433 4979 505 5078 lli.
538 4983 702 5073 Callatia
729 4977 968 5094 magistralia
999 4999 1067 5087 per
1082 4979 1297 5062 aduentam
1311 4975 1462 5062 domitii
1473 4977 1518 5058 de
1518 4973 1767 5082 formatricem
1790 4975 1959 5062 hominis
1974 4975 2150 5073 enorchis.
2185 4947 2286 5062 No.¹

546 5098 778 5212 rimbergae
805 5123 878 5211 pec
896 5090 1159 5238 fridericum⁸
1177 5092 1399 5178 Creussner
1418 5115 1533 5176 anno
1553 5119 1684 5204 ,noym
1708 5093 1752 5176 in
1773 5087 1846 5178 fol.
2190 5115 2195 5126 ·

532 5293 654 5375 Verba
666 5317 753 5370 mox
767 5292 880 5368 relata
904 5287 999 5365 tituli
1023 5287 1104 5364 loco
1129 5289 1165 5364 ln
1192 5284 1262 5362 hac
1278 5307 1412 5383 opere,
1433 5282 1529 5363 sollis
1550 5247 1595 5366 ⁶}
1622 5298 1819 5396 contento,
1846 5284 2035 5368 iubentur.
2085 5285 2284 5364 Sermones

287 5493 292 5506 ¹
434 5395 516 5474 sunt
530 5394 734 5484 sexdecimu
758 5413 913 5493 quorum
925 5389 1070 5468 carilihet
1091 5383 1454 5488 monumemtum
1476 5385 1539 5471 est.
1590 5383 1780 5490 Typuseil
1797 5387 1903 5489 plane
1916 5386 2039 5478 idem,
2057 5407 2166 5488 quem
2180 5387 2285 5558 rppu-
