5400 6284
411 562 496 678 ,ret
726 491 733 500 ’
1184 538 1506 649 ⁶35.ssss

424 741 513 833 Vll.
545 738 749 868 Historiae
765 740 1062 939 tripartitae-ex
1079 736 1280 837 Socrate,
1312 717 1918 871 sozomeno‚&Thcodorito
1934 729 2179 868 excerptae,
2210 753 2272 840 ab

539 853 774 968 Epcplmmo
834 853 1058 940 cholusttco
1090 853 1220 940 latine
1244 854 1477 954 redditae,
1518 861 1563 949 &
1592 887 1616 945 a
1645 863 1803 978 Magno
1838 867 1885 957 A.
1941 867 2183 952 Calliodoro
2218 873 2270 953 in

538 965 836 1167 conoperrdrfurln
867 967 1054 1068 redaliae
1081 965 1195 1053 Libri
1221 967 1324 1068 ΧΠ.Ι
1360 973 1570 1086 Augustae
1595 1003 1667 1090 per
1684 979 1883 1066 loannem
1909 977 2122 1068 Schtisslet
2147 1005 2269 1066 anno

541 1111 662 1196 1472.
694 1106 739 1165 m
776 1111 830 1176 u,

516 1265 625 1343 Tituli
637 1263 717 1337 loco
732 1260 913 1359 sequentia
931 1261 970 1336 in
983 1262 1101 1364 fronte
1115 1261 1315 1337 habentur:
1344 1261 1389 1337 In
1413 1263 1620 1365 hoccorpore
1637 1273 1848 1348 continentur
1873 1274 2038 1372 tripertite
2064 1271 2192 1373 historie
2219 1299 2266 1349 ex

418 1364 557 1443 Socrate
572 1361 756 1439 Sozonreno
772 1360 813 1436 ii
833 1359 1093 1437 Theodoriooin
1105 1386 1205 1436 vnum
1217 1360 1340 1436 collecte
1352 1361 1393 1438 il
1404 1389 1449 1436 nn
1473 1391 1508 1439 er
1531 1366 1571 1440 de
1579 1391 1679 1465 greco
1703 1374 1738 1443 in
1751 1373 1893 1446 latinum
1909 1377 2071 1449 translate
2091 1370 2172 1448 libri
2197 1398 2267 1446 nrt·

418 1462 697 1540 merodooclecinr.
742 1460 845 1538 Haec
859 1461 993 1555 excipit
1006 1458 1406 1560 PresolioSenntoris—
1455 1464 1615 1540 alliodori
1636 1501 1679 1540 -.
1695 1467 1791 1564 serni
1807 1471 1879 1546 dei.¹
1909 1470 2044 1547 Aueria
2057 1472 2132 1546 folii
2154 1473 2266 1567 primi

418 1565 548 1660 pagina
562 1559 734 1658 Incipiunt
746 1560 838 1633 tituli
851 1561 952 1655 primi
967 1555 1069 1643 libri,
1089 1561 1150 1655 qui
1164 1559 1271 1633 etiam
1287 1560 1432 1655 reliquis
1444 1562 1621 1668 libritsunt
1635 1567 1819 1661 praemissi.
1862 1569 1903 1643 ln
1918 1570 2041 1646 vitima
2068 1571 2173 1645 huius
2197 1593 2265 1667 pa·

359 1735 367 1742 ,
417 1663 523 1756 ginae
549 1660 643 1734 linea
661 1657 787 1756 Incipit
805 1655 889 1732 liber
905 1658 1035 1755 primus
1043 1660 1213 1753 feliciter,
1239 1656 1452 1734 Allocntorio
1474 1660 1712 1740 Sozomeniod
1730 1670 1970 1764 imperatorem.
2007 1669 2140 1754 Aueria
2158 1671 2264 1768 pagi.

261 1801 270 1810 ·
417 1783 464 1838 ua
477 1757 553 1835 folii
565 1759 659 1834 tertii
683 1756 778 1830 linea
792 1755 958 1851 vigesima
969 1752 1313 1834 Sozomeni'ollocntr'o
1327 1760 1362 1830 in
1383 1753 1592 1862 Theodofinne
1601 1763 1784 1864 principem
1806 1765 1953 1866 explicit.
1988 1767 2077 1842 Folii
2092 1793 2112 1843 n
2119 1791 2136 1860 3
2155 1790 2264 1842 nuer-

416 1858 478 1944 sa,
503 1858 597 1933 linea
611 1869 668 1952 r9.
695 1853 841 1955 llc'slorie
867 1856 1030 1952 tripertite
1051 1852 1232 1933 Sozomeni
1255 1852 1339 1929 liber
1360 1859 1491 1954 primns
1505 1859 1668 1958 explicit,
1695 1885 1804 1960 quem
1817 1866 2023 1940 immediate
2045 1881 2263 1962 argumenta

416 1957 574 2055 capitum
590 1953 732 2030 secundi
744 1954 821 2028 libri
840 1955 1033 2051 excipiunt.
1069 1953 1131 2030 Ad
1146 1954 1281 2027 calcem
1295 1956 1412 2049 operis
1424 1957 1575 2051 legitur:
1602 1957 1748 2060 Historie
1760 1964 1926 2059 tripertite
1938 1961 2163 2040 librinunrero
2176 1963 2263 2039 duo.

262 2079 268 2090 ·
413 2058 528 2136 decim.
549 2059 617 2129 ione
632 2055 763 2130 domino
819 2056 937 2152 estante
952 2054 1083 2151 finiunt
1092 2055 1251 2149 feliciter.
1278 2053 1360 2127 Non
1383 2055 1525 2149 quidm,
1542 2059 1793 2158 cirographotir
1820 2060 1890 2138 Sec!
1908 2060 1988 2234 eppa.
2002 2087 2064 2162 qne
2093 2062 2261 2161 ostentato

415 2153 580 2254 demiffoe
607 2163 727 2233 .orte,·
790 2175 826 2227 er
852 2147 1031 2224 Iohannem
1052 2148 1225 2246 Selu'c'ssler
1240 2154 1333 2247 'regie
1353 2148 1445 2226 orbis
1460 2154 1672 2258 Angnllenfir
1687 2162 1790 2232 ciuem
1803 2183 1903 2256 quom
1942 2163 2094 2259 iligentee
2108 2165 2211 2260 inepre
2236 2189 2270 2250 e.

414 2253 520 2332 Anno
541 2253 719 2351 Jolntisere
744 2252 985 2325 incarnationis
1016 2247 1137 2348 Christi
1164 2248 1277 2345 Hiesn.
1296 2247 1471 2352 Millefimo
1486 2254 1802 2357 quadringentefimo
1823 2256 2063 2359 septuagefieno
2083 2163 2264 2358 secnnlcff,

417 2350 562 2440 circiter
582 2374 688 2424 nonos
698 2343 916 2444 febroarius,
938 2344 1035 2422 Lons
1052 2347 1259 2445 almipotenti
1269 2401 1278 2433 ,
1305 2347 1427 2426 Amen.

513 2448 660 2524 Constat
670 2446 763 2522 ioliis
783 2469 849 2541 192
870 2443 1034 2543 praeiens
1046 2467 1159 2543 opus,
1186 2445 1388 2521 charactere
1401 2448 1522 2524 tabula
1537 2447 1578 2526 li.
1587 2441 1637 2526 N.
1654 2449 1707 2540 IV
1717 2451 1899 2540 exhibito,
1925 2454 2139 2551 imprelium.
2176 2454 2262 2554 Sig.
2373 2537 2385 2546 ,

406 2563 563 2631 'naturae
587 2545 706 2623 nullae
723 2557 937 2630 occurrunt,
961 2543 1048 2620 nulli
1067 2543 1252 2632 custodes,
1281 2556 1344 2619 aut
1358 2547 1568 2642 paginarum
1585 2549 1733 2625 numeri.
1788 2551 1988 2628 Maximum
2015 2553 2098 2628 huic
2112 2553 2261 2636 editioni

412 2647 636 2752 splendorem
650 2644 841 2722 conferunt
856 2641 1011 2726 initiales
1035 2642 1174 2717 litterae
1190 2663 1278 2716 auro
1305 2696 1315 2728 ,
1357 2643 1552 2720 &diuersus
1564 2646 1741 2742 coloribus
1764 2635 1944 2747 insignes,
1976 2668 2085 2752 atque
2111 2647 2267 2732 enorme·

411 2747 613 2833 munditia,
636 2765 680 2819 ac
693 2743 865 2827 firmitas,
893 2741 1167 2838 marginumque
1183 2740 1392 2838 amplitudo.
2019 2756 2026 2766 ·
2064 2811 2068 2818 ,
2147 2739 2153 2750 ’

512 2845 616 2921 Haec
636 2845 749 2942 prima
764 2842 871 2924 huius
888 2841 1006 2940 operis
1018 2839 1151 2925 editio,
1177 2862 1285 2936 quam
1312 2839 1498 2916 acutioirs
1520 2839 1665 2946 vulpam
1693 2845 1851 2940 requiri,
1875 2847 1936 2924 fibi
1959 2870 2045 2924 nero
2073 2845 2263 2949 nunquam‘

413 2945 522 3022 visam
534 2943 603 3020 elle
616 2942 782 3022 adfirmat
799 2939 844 3015 de
865 2961 980 3014 evan.
995 2963 1031 3015 n.
1047 2949 1157 3034 4384.
1181 2938 1300 3013 Etiam
1317 2937 1411 3013 Gnil.
1427 2960 1547 3022 eave,
1577 2954 1818 3029 uossnvtuo,
1841 2945 1879 3022 de
1895 2945 1996 3030 aliis,
2027 2949 2088 3043 qui
2112 2949 2157 3026 de
2176 2963 2261 3024 cis.

353 3051 355 3056 '
411 3067 608 3131 stonotto,
631 3041 794 3117 eiusdem
805 3037 953 3136 scriptis,
966 3036 1166 3133 horumque
1181 3036 1397 3112 editionibus
1407 3037 1628 3114 mentionem
1642 3037 1799 3125 faciunt,
1821 3039 1938 3116 nostra
1951 3041 2061 3118 editio
2074 3045 2258 3142 incognita

412 3157 512 3232 erat,
535 3166 582 3217 ex
595 3163 666 3239 quo
679 3137 815 3242 mmma
827 3136 988 3214 eiusdem
1004 3135 1132 3212 raritas
1147 3149 1257 3232 patet.
1957 3201 1997 3232 ἱ,

511 3241 582 3337 Qui
598 3236 874 3337 piniadehuius
894 3231 1183 3332 operisveritonc
1207 3232 1293 3310 scire
1306 3232 1429 3334 cupit,
1465 3231 1585 3332 legere
1600 3231 1714 3333 potest
1737 3249 1950 3316 eossnvtnt
1977 3233 2261 3336 Adporotnm-de‘
2353 3259 2360 3264 ·

410 3359 638 3434 Butuntum
653 3333 860 3436 Scioloflieo.
875 3333 914 3412 Τ.
933 3333 965 3408 ll
983 3357 1017 3434 p.
1036 3353 1117 3432 513·
2255 3331 2260 3342 ·

294 3621 297 3626 ,
358 3583 360 3590 ·
412 3520 529 3617 Vlll,
559 3517 774 3608 Reuerendi
784 3516 912 3630 porris
927 3514 1080 3601 domini
1098 3511 1220 3597 lncolei
1241 3511 1285 3595 de
1307 3509 1499 3594 Theromo
1528 3509 1807 3620 Compendirem
1831 3511 2014 3626 perbrene
2037 3505 2257 3628 Consolatio
2343 3511 2351 3526 ’

379 3665 381 3670 ’
523 3650 770 3748 peccatoram
783 3647 1086 3739 ecnneupotum3
1119 3627 1171 3710 Et
1199 3625 1302 3742 opnd
1323 3621 1533 3708 nonnullos
1548 3620 1668 3707 Belial
1686 3645 1905 3710 vocitatum
1940 3629 1987 3708 nd
2011 3647 2157 3740 popum
2181 3627 2257 3710 Vr·

525 3745 675 3834 bononi
689 3743 853 3862 sextum
876 3741 1154 3854 consociorum,
1211 3735 1423 3872 Augustae
1436 3760 1512 3876 pet
1529 3733 1728 3823 ioannem
1753 3737 1966 3828 Schiissler
1993 3751 2108 3825 anno
2131 3753 2256 3855 1'472.

526 3863 570 3949 in
596 3857 671 3956 fol,

351 4095 354 4122 ·
503 4021 622 4138 Verba
636 4052 793 4158 superius
805 4050 917 4125 relata
937 4047 1056 4223 operis
1077 4044 1222 4123 titulum
1235 4005 1462 4122 constituu'ht:
1489 4011 1602 4120 lleliol
1621 4043 1702 4120 idco
1727 4046 1797 4122 hoc
1819 4068 1908 4144 opus
1922 4057 2168 4143 nuncupatur,
2196 4072 2258 4123 eo·
2286 4081 2291 4088 ·

412 4141 563 4262 quodid
574 4153 745 4232 mallatus
763 4150 950 4226 iudicialis·
964 4172 1009 4223 eu
1023 4147 1113 4222 attio
1135 4143 1307 4220 confidica
1320 4144 1413 4219 inter
1435 4145 1580 4230 Deum,
1602 4144 1639 4220 dt
1654 4145 1856 4229 diabolum,
1881 4145 1983 4219 cuins
2005 4147 2171 4221 aduocati
2194 4170 2258 4242 ge·

276 4256 280 4270 ⁸
398 4260 526 4349 mini,
556 4256 645 4331 alter
660 4271 814 4329 morsus
835 4303 844 4337 ,
868 4270 1012 4324 onum
1029 4247 1144 4335 alter,
1168 4231 1390 4330 hicinfemi,
1416 4240 1575 4320 illeiesu
1601 4242 1727 4318 Christi
1741 4241 1883 4318 causam
1902 4245 2002 4336 agit:
2026 4257 2177 4338 vterque
2193 4267 2259 4319 sn·

415 4376 617 4444 tentonus,
646 4353 868 4446 aliorumque
879 4347 1066 4424 tribunalia
1080 4347 1237 4420 iudicum
1249 4341 1451 4439 implorant.
1490 4340 1589 4416 Folia
1608 4364 1672 4426 τις
1702 4343 1771 4417 hoc
1789 4335 2261 4437 opuscomplciiitur,cha·

257 4501 263 4508 -
413 4455 571 4537 radere,
592 4475 664 4546 quo
680 4449 922 4548 praecedens,
947 4443 1172 4540 impreiiunr,
1198 4441 1314 4520 nullas
1326 4439 1479 4516 ostendit
1499 4439 1718 4534 signatores,
1744 4438 2275 4536 nulloscustodes,nullosque·

250 4867 253 4873 '
415 4851 583 4950 Sedicstlcr
597 4850 699 4923 circem
762 4868 818 4940 ng.
833 4837 1012 4939 impreffict.
1026 4836 1130 4913 Anno
1153 4833 1278 4908 domini
1291 4832 1422 4908 MCC

412 4555 623 4655 piginarum
636 4568 816 4623 numeros.
856 4544 1016 4618 initiales
1027 4541 1217 4618 litteraein
1231 4540 1354 4652 primis
1371 4556 1414 4632 19
1428 4538 1521 4613 foliis
1531 4537 1683 4650 desunt,
1718 4537 1996 4650 insequentidus
2017 4559 2103 4612 vero
2128 4539 2258 4636 potitii·

415 4679 515 4731 mum
528 4650 653 4730 litteris
665 4645 862 4721 nunorihus
874 4641 953 4716 sunt
968 4641 1155 4716 indicatae.
1201 4638 1386 4714 semones
1402 4659 1520 4733 neque
1533 4635 1722 4724 librorum,
1748 4658 1867 4734 neque
1877 4648 2036 4732 capitum
2051 4653 2258 4716 occurrunt,

414 4753 476 4830 Ad
489 4753 598 4828 finem
610 4750 699 4826 haec
710 4744 744 4819 le
819 4755 900 4817 tur:
926 4738 1083 4840 Explicit
1105 4736 1190 4814 liber
1217 4734 1316 4812 belial
1329 4736 1667 4908 nunctgrgtstnpppI
1674 4731 2165 4910 ἌιιιὶιὲιὲινὲιοωὺἕὲίῖίαῧΞΡιν
2179 4735 2256 4814 lale.

509 4948 627 5026 Editio
640 4946 703 5021 ilia
718 4965 797 5016 rara
809 4939 1003 5014 admodum
1018 4991 1026 5022 ,
1043 4934 1067 5011 h
1082 4959 1156 5010 non
1170 4933 1331 5010 omnium
1344 4933 1459 5029 prima
1483 4931 1534 5005 est
1557 4984 1567 5015 ,
1593 4929 1716 5007 saltem
1742 4932 1932 5009 secundum
1960 4932 2098 5006 obtinet
2125 4930 2279 5008 locum..

413 5068 599 5126 ausuum
621 5047 658 5119 in
672 5039 844 5119 Anotetiic
870 5038 1015 5114 alterius
1029 5033 1224 5117 editionis,
1250 5032 1322 5107 fine
1347 5031 1455 5116 anni,
1484 5029 1572 5112 loci,
1609 5029 1647 5106 dt
1676 5032 1888 5129 typographi
1910 5029 2043 5105 indicio
2069 5027 2255 5114 meminit,

416 5172 523 5250 ‹punm
537 5141 763 5219 strenuuin
779 5136 870 5214 Bill.
887 5131 1043 5212 Norint.
1059 5133 1173 5207 nostra
1187 5131 1423 5225 antiquiorem
1440 5128 1508 5204 elie
1528 5127 1702 5203 adfirmat.

513 5249 569 5323 De
582 5231 724 5318 autore
739 5238 845 5310 huius
868 5233 1011 5333 operis,
1036 5253 1144 5329 quem
1157 5230 1216 5306 aiii
1229 5223 1389 5302 Iacobum
1413 5227 1458 5302 de
1478 5248 1717 5302 nucununuo
1741 5237 1971 5324 nuncupant,
2000 5222 2123 5299 multis
2145 5238 2258 5318 agunt

414 5362 675 5432 oomtvrnvs,
702 5331 1032 5414 lioberturauarus
1047 5327 1252 5432 inAdpend.
1269 5323 1794 5431 adcnvuliisl.seript.licclcs.
1815 5349 1849 5428 p.
1865 5337 1927 5420 ευ.
1952 5319 2257 5504 ονυιηνῗωίέω.
