5400 6284
440 575 513 664 „¹¹⁰
644 559 664 615 -'
866 535 884 624 .'
1077 621 1080 628 ,
1181 531 1528 641 ssssss
1792 619 1822 676 ,Ι

531 726 659 837 cm.
686 734 906 828 Dominici
921 676 1088 826 Bollani
1111 713 1312 841 Questic
1332 729 1387 822 dc
1403 691 1700 878 conceptione
1714 739 1763 840 B.
1780 741 1831 832 V.
1851 742 2024 838 Mariae.
2055 747 2100 838 in
2115 719 2190 842 sul.

264 973 296 1020 ῳ,
320 977 322 982 .
530 921 604 1000 Hic
617 919 788 1025 uastatur
800 918 894 995 foliis
910 938 955 1012 30
969 928 1183 998 contentus,
1207 914 1332 1012 incipit
1344 914 1480 1022 absque
1492 917 1597 994 titulo
1619 921 1664 996 ab
1680 920 1833 999 austoris
1852 925 1994 1022 epistola
2007 927 2226 1012 dedicatoria
2238 937 2286 1014 ad

243 1021 286 1114 23
434 1009 878 1110 morinummontem
906 1016 1126 1092 Venetorum
1139 1015 1301 1094 Ducem.
1329 1013 1432 1089 cuius
1446 1013 1596 1114 sequens
1613 1019 1662 1094 eli
1674 1034 1802 1096 tenor:
1832 1021 2063 1127 Gloriostfflna
2075 1029 2196 1107 Prinei
2217 1038 2231 1109 i
2243 1023 2297 1114 θ’

275 1143 305 1166 ·›
432 1123 564 1201 damino
576 1121 707 1202 domina
730 1115 876 1194 Nicolao
892 1110 1270 1214 MarcelloSereniffimo
1289 1109 1333 1187 V
1326 1115 1508 1194 enetiarnm
1521 1115 1608 1192 daei.
1627 1115 1828 1195 Dominicis
1836 1121 2000 1197 Bollanns
2014 1139 2139 1202 areauna
2203 1133 2284 1230 piri·

430 1220 572 1319 loopsaie
608 1215 722 1292 donor
760 1212 872 1306 debita
897 1214 1083 1289 reuerentia
1108 1234 1189 1309 erga
1204 1207 1447 1310 fieblimitatem
1467 1211 1570 1311 snam
1589 1215 1746 1318 premiffa
1767 1220 1950 1318 plurimum
1984 1219 2031 1319 le
2065 1231 2280 1309 commendat.

444 1403 464 1412 ..
489 1346 521 1393 m
534 1342 578 1392 ex
586 1312 815 1414 flore-milimo
834 1315 1002 1412 gymnafio
1017 1310 1182 1388 Pudnano
1196 1308 1244 1385 ad
1287 1313 1412 1387 atriarn
1426 1311 1574 1412 renerfirs
1596 1313 1715 1486 qma:
1739 1327 1933 1416 tantamque
1947 1321 2012 1394 ocii
2035 1323 2117 1399 milri
2141 1325 2282 1408 daretm

427 1420 708 1516 qualenunqnam
720 1412 896 1514 stmile'per
908 1425 1014 1487 totam
1027 1409 1239 1508 tempaseiap
1253 1433 1309 1482 nm
1334 1411 1401 1485 vite
1419 1436 1487 1486 enee
1499 1411 1581 1486 misti
1620 1425 1713 1488 atum
1729 1415 1803 1510 snit
1819 1423 1969 1516 cogitaui
1982 1418 2066 1496 nolle
2087 1425 2192 1499 uitam
2213 1454 2280 1508 me.

251 1539 264 1560 -’
284 1508 292 1524 ’
428 1512 702 1618 aorsabſslentio
717 1515 943 1614 pertransiret
969 1512 1035 1587 imo
1047 1506 1186 1607 aliquod
1195 1532 1278 1606 opas
1296 1507 1544 1608 lande-dignam
1561 1509 1691 1587 decreti
1701 1515 1843 1612 efficere:
1869 1541 1935 1612 qno
1955 1518 2119 1596 mediante
2132 1525 2275 1612 vitane·

248 1565 262 1576 -·
314 1673 316 1678 -
390 1685 393 1692 ,
454 1613 763 1714 raislnstraretnr..
781 1666 815 1687 ..
862 1607 895 1688 0
979 1606 1348 1722 aanmadfinenrpero
1372 1607 1609 1690 larendani:
1633 1614 1755 1708 inqua
1779 1619 2127 1720 quaretumpolnienar
2151 1621 2273 1714 inritati

420 1620 543 1814 stam
557 1723 688 1810 patrem
706 1713 849 1884 repleam
862 1634 1042 1788 minen
1058 1706 1308 1806 Aagnstrnnnt:
1336 1633 1553 1816 genealogie
1560 1709 1767 1808 principem:
1789 1725 1889 1809 atque
1900 1715 2111 1792 naarmresaarn
2126 1713 2274 1802 Scotum:

426 1814 559 1890 acciat
573 1812 676 1908 sonte
706 1811 875 1925 uuereinro
888 1809 993 1924 mnltn
1013 1801 1406 1921 preclarasarnppimnr:
1429 1807 1660 1922 neriffinisqae
1673 1809 1863 1887 rationibus
1886 1824 1985 1908 alque
2010 1815 2278 1940 excellentifflmit

418 1909 614 2011 sardorum
625 1903 881 2000 andantatrbar
895 1904 1328 2078 urrgrnemfflorrostfflmam
1345 1929 1492 1980 incanae
1515 1919 1602 1980 trane
1613 1906 1756 1996 sanilam
1774 1934 1854 1986 :ner
1865 1936 2008 2006 unquam
2023 1917 2185 1990 emacula
2196 1943 2276 2015 pec·

384 2059 386 2066 ·
426 2014 497 2084 eati
510 2008 687 2104 originalis
698 2003 804 2106 sniffe
826 2005 1037 2102 deturpatam
1085 2003 1386 2103 monstrauimus..
1402 2058 1436 2081 ..
1517 2029 1561 2077 aa
1582 2007 1774 2081 excelientia
1795 2010 1902 2082 malta
1917 2013 2090 2106 praeclara
2107 2037 2159 2086 aa
2173 2015 2273 2090 lande

261 2149 263 2156 s
425 2108 580 2206 dignuin
595 2130 690 2198 opere
707 2108 765 2206 islo
787 2107 954 2179 inueniet:
978 2103 1019 2181 ΕΞ
1035 2106 1096 2178 stoc
1111 2127 1176 2175 non
1202 2112 1334 2176 tantuna
1353 2128 1458 2178 meam
1476 2126 1486 2177 τ
1507 2128 1620 2180 nerum
1632 2109 1731 2181 etiam
1747 2110 1891 2182 omniurn
1910 2110 2053 2185 aliarum
2067 2114 2127 2208 qni
2137 2107 2181 2188 ab
2202 2138 2273 2188 orn·

301 2926 311 2940 ·
367 2903 376 2922 ‘
456 2900 490 2970 'o
504 2898 541 2971 in
555 2894 747 2971 secundam
761 2909 921 2992 parbem,

424 2209 465 2283 nt'
476 2229 559 2281 ctera
572 2202 613 2280 tl
627 2203 702 2278 adio
714 2205 815 2286 uacui
822 2201 902 2299 fiant
919 2205 984 2276 erit
997 2205 1064 2276 tale
1076 2202 1235 2277 indicium
1246 2202 1319 2276 dte.

524 2304 629 2380 Haec
640 2303 816 2376 dedicatio
833 2303 982 2396 primam
996 2301 1122 2398 implet
1133 2299 1318 2397 paginam3
1345 2295 1383 2372 in
1395 2296 1513 2373 fronte
1525 2297 1667 2375 auersae
1684 2297 1841 2396 legitur:
1865 2299 2039 2378 Dominiri
2050 2305 2190 2385 Bolani
2214 2334 2272 2385 ar·

424 2401 511 2479 nan
534 2401 575 2478 Es
586 2398 788 2572 podiwin
800 2398 942 2474 dodorir
956 2401 1029 2498 filii
1047 2399 1231 2496 Magnifici
1242 2395 1556 2511 doniniUCandiani
1569 2402 1605 2473 in
1621 2404 1813 2504 acessionem
1826 2399 1866 2476 de
1885 2407 2091 2498 conceptione
2100 2406 2270 2510 ploriaſss·

400 2530 403 2536 ·
412 2506 499 2606 fine
514 2501 658 2597 virginis
716 2500 788 2572 arie
799 2496 1036 2595 proscenium,
1052 2500 1149 2596 quod
1169 2495 1289 2570 auersa
1315 2496 1391 2572 iolu
1405 2499 1522 2592 quarti
1548 2499 1677 2594 pagina
1701 2552 1716 2584 „
1738 2501 1833 2574 linea
1851 2501 1944 2574 sexta
1966 2502 2201 2591 terminatur,
2224 2529 2270 2582 aa

421 2612 503 2678 turn
517 2597 724 2675 immediate
746 2596 815 2693 ipse
827 2595 1014 2681 annana.
1040 2597 1077 2672 in
1102 2598 1192 2672 duas
1203 2592 1335 2681 diuisus
1345 2611 1488 2692 partes,
1511 2596 1645 2692 incipit
1691 2600 1728 2672 ln
1743 2601 1857 2694 prima
1877 2598 2045 2676 monstrat
2059 2604 2180 2676 auitor
2204 2625 2268 2700 per

421 2697 766 2798 quinquearticuloa
782 2750 792 2783 ,
818 2718 854 2774 a.
870 2721 905 2774 r.
922 2719 1082 2773 niutan
1097 2693 1196 2770 fuisse
1208 2694 1244 2768 in
1259 2709 1406 2791 peccato
1417 2695 1579 2790 originali
1592 2698 1865 2790 conceptamin
1881 2697 2030 2774 secunda
2043 2723 2129 2776 vero
2142 2699 2266 2776 semet·

419 2796 690 2874 ³s⁰¹¹¹‘⁰‘¹¹‘”‘
725 2795 847 2871 ,m
862 2794 1948 2973 mittiminidillellttltiltttt
1961 2797 2267 2975 ‘illiniti
2315 2915 2318 2920 -

418 2996 579 3071 minatur
592 3016 683 3090 opus
697 2992 819 3068 auersa
830 2992 905 3068 solii
918 3015 963 3087 30
975 2918 1237 3088 pagina’‚q1inea
1257 2916 1323 3087 μς,
1348 2917 1798 3068 cuisubie'ntim-hauetur:
1830 2995 1901 3068 Deo
1913 2921 2177 3094 grincirrfinite.

517 3093 661 3189 Typus,
691 3115 762 3190 quo
777 3090 961 3189 impressus
969 3093 1018 3167 esi
1031 3091 1090 3166 hic
1102 3089 1272 3166 uadatus
1289 3143 1299 3176 ,
1322 3111 1494 3164 romanus
1507 3090 1564 3177 ,dt
1575 3091 1750 3167 rotundus
1767 3092 1838 3176 est,
1854 3096 1914 3186 qui
1928 3093 2047 3165 tabula
2061 3095 2150 3168 Vlll.
2167 3093 2210 3164 N.
2227 3090 2266 3169 V.

417 3189 608 3267 videndus.
645 3191 778 3266 Lineae
808 3191 846 3264 in
863 3189 1006 3286 singulis
1020 3191 1158 3287 paginis
1177 3212 1216 3278 ις
1245 3203 1491 3263 numerantur.
1540 3187 1677 3264 Desunt
1701 3190 1841 3270 litterae
1854 3191 2040 3274 initiales,
2072 3190 2262 3278 custodes,
2359 3281 2367 3291 ,

414 3288 635 3387 signaturae,
649 3289 687 3365 de
706 3288 915 3384 paginarum
929 3293 1080 3366 numeri.
1118 3285 1355 3364 Distindionis
1368 3287 1503 3382 siguum
1515 3303 1657 3383 praeter
1676 3287 1842 3384 punitum
1856 3289 2010 3362 occurrit
2023 3288 2129 3361 etiam
2145 3291 2261 3365 colon.

514 3389 568 3464 Cs.
581 3408 768 3463 naturae
783 3386 823 3461 T.
842 3387 867 3462 l.
889 3385 1024 3484 Adpar.
1042 3411 1077 3485 p.
1094 3411 1160 3463 201
1185 3398 1364 3461 memorat
1377 3386 1569 3461 editionem
1584 3407 1680 3460 anno
1699 3409 1804 3482 ¹504·
1826 3387 2047 3481 Argentiuae
2059 3385 2206 3462 saliam:
2221 3388 2261 3466 dt

413 3487 605 3563 cunina
620 3487 657 3559 in
672 3483 860 3560 Menaeni.
876 3484 970 3559 Bibl.
992 3483 1118 3562 Garell.
1133 3505 1168 3580 p.
1182 3493 1254 3563 206
1278 3485 1425 3559 alterius
1436 3485 1625 3569 meminit,
1652 3507 1745 3580 quae
1758 3485 1831 3562 sine
1843 3485 1939 3567 loci,
1964 3489 2070 3567 anni,
2092 3485 2129 3561 de
2153 3496 2261 3582 typo·

412 3586 543 3684 graphi
555 3583 807 3686 adnotatione,
826 3583 1027 3659 charastete
1038 3584 1182 3681 gothico
1192 3582 1355 3679 impressa
1367 3582 1429 3662 est.
1463 3581 1602 3658 Neuter
1621 3583 1747 3659 horum
1761 3637 1771 3670 ,
1786 3607 1855 3660 nec
1865 3583 1956 3658 alius
1967 3606 2109 3680 quoque
2124 3584 2259 3664 Biblio-

326 3683 334 3693 '
411 3685 660 3780 ganphoram,
685 3682 731 3756 de
744 3679 916 3777 praesenti
940 3682 1048 3758 vllam
1061 3683 1184 3760 habuit
1196 3682 1383 3766 notitiam,
1420 3681 1492 3756 uod
1505 3679 1690 3777 specialem
1701 3682 1780 3758 eius
1792 3681 1973 3756 raritatem
1988 3682 2116 3779 prodit
2148 3681 2258 3762 Haud

409 3781 684 3866 dubitandum,
697 3800 778 3854 eam
800 3779 868 3854 esse
887 3803 1030 3878 quoque
1047 3783 1206 3858 omnium
1226 3781 1378 3877 primam
1461 3782 1507 3856 ab
1533 3781 1545 3854 i
1570 3778 1782 3866 suauitate,
1803 3781 1842 3859 dt
1863 3781 2006 3878 quidem
2032 3781 2127 3858 intra
2142 3802 2257 3858 armos

411 3901 508 3977 1473
523 3906 574 3936 ·-·
597 3877 1044 3976 1474suisseadornatam3
1070 3882 1155 3956 dum
1180 3879 1405 3975 exploratum
1417 3875 1489 3965 eti,
1545 3881 1942 3954 icolaaenarnncnuuvn
1960 3900 2164 3976 ann01473
2185 3879 2258 3956 rei·

407 3981 573 4082 publicae
587 3978 749 4054 Venetae
763 3976 909 4052 tenuisse
924 3980 1182 4074 gubernacula,
1209 3977 1247 4054 dt
1266 4000 1363 4050 anno
1381 3999 1474 4069 ¹474
1491 3975 1620 4078 'mense
1635 3977 1825 4054 Decembri
1849 3979 1974 4054 eviuis
1985 3977 2172 4057 discessisse.
2206 3977 2257 4064 V.

328 4167 331 4174 ,
407 4091 573 4154 anatot
593 4076 634 4151 de
653 4073 783 4151 laHon
810 4100 871 4176 aye
886 4075 1030 4176 Hr'stoire
1043 4077 1097 4152 die
1111 4072 1398 4173 gnaernenentde
1413 4072 1543 4174 Venrse.
1570 4072 1765 4154 Verisimile
1779 4078 1889 4151 enam
1903 4077 2044 4154 videtin
2060 4131 2071 4164 ,
2085 4099 2167 4152 eam
2181 4077 2256 4154 Ve-

405 4178 515 4255 neniis
536 4177 687 4274 primun
715 4176 759 4250 ad
774 4173 1053 4273 perillelucem,
1086 4176 1172 4251 dum
1185 4171 1380 4259 danudon,
1405 4174 1685 4251 &nuncnunc
1698 4176 1828 4250 eodem
1850 4192 2013 4277 tempore
2034 4177 2197 4260 ibidem,
2213 4186 2256 4251 vt

404 4300 455 4352 ex
468 4275 620 4374 Epistola
636 4273 736 4371 supra
748 4288 947 4349 memorata
962 4288 1084 4373 patet,
1107 4272 1446 4364 commorabantur,
1479 4294 1524 4349 ac
1536 4284 1615 4347 arte
1637 4274 1893 4372 typographica
1910 4273 2073 4352 Venetiia
2093 4273 2253 4350 maxine

280 4491 283 4496 Ι
404 4375 559 4453 florente
577 4371 834 4502 haud-necesse
851 4384 951 4460 erat,
979 4387 1123 4473 vtopua
1148 4371 1248 4447 suurn
1270 4369 1392 4446 aanor
1406 4369 1600 4472 alibiprelo
1620 4371 1816 4450 subiiceret.

405 4495 559 4758 Cili}²
581 4550 795 4758 Issmribli
816 4553 925 4764 {ibae
946 4551 1168 4641 Parallelac
1196 4550 1360 4642 avadit
1381 4548 1617 4640 ruderibus
1637 4575 1827 4665 cgtacco
1842 4553 1888 4640 in
1904 4552 2085 4643 latinum
2099 4493 2252 4652 versae,

390 4695 424 4744 .·
559 4738 571 4767 ,
628 4693 713 4763 ,rn
747 4694 801 4755 o.
2093 4699 2100 4714 ¹

499 4850 726 4930 Praesentem
743 4848 937 4926 editionem
955 4846 1029 4924 iam
1042 4856 1127 4922 ante
1140 4868 1200 4922 me
1216 4843 1271 4923 Cl.
1292 4866 1519 4924 euentura
1534 4841 1708 4943 insufas
1724 4867 1759 4942 p.
1778 4864 1849 4939 142
1874 4845 2033 4943 prolixe,
2062 4847 2251 4926 adcurate·

426 4949 682 5048 uedescripit;
705 4970 889 5025 cumvero
912 4971 985 5024 non
1005 4947 1042 5021 in
1056 4946 1217 5022 omnium
1241 4967 1371 5023 manua
1383 4945 1544 5020 eiusdem
1559 4944 1746 5042 peruenire
1758 4957 1869 5039 queat
1888 4943 2075 5045 descriptio
2099 5001 2111 5036 ,
2151 4968 2250 5020 eam·

499 5050 536 5126 dt
551 5072 618 5144 ego
632 5051 681 5123 ita
698 5047 911 5145 depingam,
939 5059 979 5120 vt
1002 5043 1151 5142 quilibet
1173 5042 1335 5120 exustam
1358 5044 1521 5118 eiusdem
1534 5042 1698 5117 notitiam
1710 5041 1842 5116 habete
1855 5041 1965 5140 possit

501 5147 785 5244 Tomuaprimus
800 5142 1038 5221 coustatfoliis
1053 5163 1147 5239 274,
1173 5142 1347 5218 secundun
1373 5155 1458 5236 238.
1507 5138 1720 5215 Cbarattere
1736 5162 1911 5227 romano,
1938 5141 1976 5219 de
2003 5137 2147 5222 nitido,
2173 5159 2247 5234 quo

395 5248 643 5351 praecedens,
670 5246 708 5323 de
728 5245 905 5341 hocopus
927 5239 1130 5337 impressum
1154 5240 1227 5333 est;
1253 5241 1348 5317 vnde
1363 5241 1481 5314 nullus
1497 5237 1643 5323 dubito,
1670 5237 1757 5333 quin
1771 5260 1818 5311 ex
1834 5238 1962 5314 eadem
1975 5235 2115 5312 officina
2129 5238 2167 5312 in
2192 5237 2248 5313 lu·
2267 5327 2273 5334 ⁸

395 5371 477 5430 anm
491 5344 672 5449 prodierit
714 5342 849 5424 Charta
869 5339 1144 5428 munituna.
1180 5338 1335 5430 dealba,
1358 5336 1418 5417 sed
1431 5340 1552 5420 minas
1579 5337 1713 5437 polita,
1738 5335 1884 5416 diuersia
1910 5334 2245 5518 cmmuisitgnis
