5400 6284
1135 571 1149 702 j
1193 535 1516 673 ἐμὲ-ἑὲ
2174 555 2273 668 aar

1033 766 1180 846 Anno
1225 756 1625 846 mcccctxrx.

430 955 461 1053 l,
491 953 612 1044 Plinii
628 919 810 1042 Secundi
828 945 1160 1035 Nouocomensis
1178 947 1379 1035 Historiae
1393 947 1591 1036 naturalis
1615 942 1727 1033 Libri
1741 942 1942 1042 XXXVI.
1985 944 2171 1035 Venetiis
2200 969 2301 1064 per
2365 871 2383 900 Ι

544 1068 745 1196 loannem
768 1064 821 1154 de
837 1063 956 1178 Spita
971 1087 1083 1150 anno
1105 1069 1228 1176 1469.
1258 1065 1304 1148 in
1322 1058 1394 1146 fol.
1419 1089 1528 1177 mag.

521 1260 624 1359 Opus
647 1210 717 1336 hoc
739 1255 1043 1358 splendidiffimurn
1059 1256 1144 1332 lolia
1164 1277 1234 1352 355
1264 1255 1530 1355 completlitur,
1555 1255 1707 1354 superbit
1718 1264 1797 1334 tuna
1811 1258 1887 1355 typi
1903 1252 2041 1332 romani
2055 1254 2180 1336 nitore,
2193 1262 2273 1330 turn
2382 1273 2386 1280 ·
2449 1346 2457 1360 .

427 1362 572 1436 chartae
589 1361 792 1443 munditie,
822 1358 1009 1441 albedine,
1035 1379 1077 1429 ac
1103 1356 1295 1442 firmitate,
1330 1357 1370 1430 in
1395 1379 1465 1455 qua
1483 1357 1728 1454 typographus
1752 1357 1890 1452 amplas
1912 1355 2054 1450 reliquit
2080 1348 2270 1445 margines.

427 1459 586 1534 Initiales
600 1479 742 1554 quoque
755 1457 904 1542 litterae,
930 1477 1021 1550 qnae
1036 1457 1165 1551 partim
1182 1456 1397 1540 deauratae,
1418 1458 1549 1551 partim
1565 1452 1711 1529 diuersae
1727 1455 1886 1552 depistae
1906 1452 2106 1534 coloribus,
2145 1448 2273 1524 editio-
2350 1457 2359 1466 ’

427 1580 514 1632 nem
528 1553 748 1653 praesentem
761 1556 916 1629 manime
929 1565 1115 1628 exornant.
1165 1554 1379 1648 Signaturae
1391 1554 1509 1628 nullae
1521 1554 1718 1650 adparent,
1738 1553 1826 1629 nulli
1850 1552 2011 1627 custodes
2025 1605 2035 1635 ,
2049 1560 2111 1622 aut
2126 1546 2274 1646 pagina·

429 1675 512 1734 rum
530 1653 681 1728 numeri.
729 1654 840 1749 Signa
854 1648 1080 1727 distinctionis
1097 1667 1238 1746 praeter
1254 1649 1425 1748 punitum
1446 1663 1637 1726 occurrunt
1650 1673 1793 1749 quoque
1807 1651 1879 1726 duo
1893 1648 2046 1748 punsta,
2071 1647 2109 1724 δι
2123 1647 2275 1720 interro-

430 1754 584 1847 gationis
597 1752 744 1847 fignum.
793 1752 907 1828 Verba
920 1770 1048 1846 graeca
1062 1763 1125 1823 aut
1139 1749 1253 1825 omisrt
1268 1750 1538 1846 typographus,
1562 1764 1624 1825 aut
1642 1766 1808 1848 corrupte
1832 1749 2050 1827 admodum,
2077 1745 2115 1822 &
2129 1744 2274 1840 quiden

431 1852 552 1924 latinio
565 1851 691 1925 litteris
705 1847 891 1946 exprellrt,
918 1846 1080 1945 stiparet
1094 1873 1140 1922 ex
1153 1848 1231 1923 libri
1244 1846 1331 1922 sexti
1344 1851 1461 1944 capite
1479 1862 1523 1942 58
1537 1903 1546 1932 ,
1560 1849 1606 1922 ad
1622 1849 1724 1923 cuius
1736 1850 1845 1924 linem
1859 1849 1990 1942 legitor
2001 1841 2206 1941 :Xoxipcui
2217 1865 2275 1929 ca·

432 1973 505 2022 nece
518 1947 827 2046 romaicoelpturae
852 1958 1025 2022 tratauua
1041 1948 1175 2021 ciezica.
1216 1947 1429 2033 Librorum,
1460 1968 1504 2020 ac
1518 1947 1675 2042 capitum
1695 1949 1789 2023 tituli
1801 1945 2042 2022 desiderantur
2062 1995 2072 2025 ,
2107 1941 2145 2020 δι
2162 1963 2277 2015 vnum
2335 1955 2362 1974 ⁸

431 2049 475 2121 ab
489 2049 600 2121 altero
613 2046 722 2142 spatio
735 2048 864 2140 exigno
876 2067 990 2120 vacuo
1004 2045 1123 2120 relitto
1137 2045 1369 2140 distinguitur.
1396 2045 1496 2141 Opus
1509 2045 1617 2119 libros
1638 2044 1794 2123 XXXVI
1807 2041 2099 2140 comprehendit,
2124 2038 2278 2113 cuibre·

368 2157 380 2200 '-
431 2147 488 2220 uis
508 2146 660 2220 austorio
673 2145 877 2241 biographia
895 2167 940 2217 ex
953 2163 1150 2226 avarouro
1164 2146 1303 2219 devisis
1317 2141 1497 2315 iilrpsribus
1510 2143 1944 2240 deinmtapraemiliaest3
1971 2161 2056 2214 cum
2079 2137 2198 2212 breuis
2213 2134 2274 2223 srt,

434 2263 479 2318 ao
495 2243 591 2318 haud
607 2243 735 2340 exigua
751 2241 951 2318 eruditione
965 2240 1096 2318 referta
1113 2297 1124 2332 ,
1150 2244 1208 2318 hic
1223 2265 1305 2317 eam
1317 2244 1364 2318 ad
1378 2244 1535 2329 cribere,
1559 2265 1634 2318 non
1656 2243 1842 2337 indignum
1855 2241 2020 2319 indicaui.

534 2364 666 2442 Plinius
688 2363 848 2462 secundus
871 2366 1111 2462 nouocomenss
1135 2359 1332 2464 equestribus
1353 2364 1483 2438 militiis
1510 2363 1670 2465 industria
1687 2364 1850 2462 santius:
1876 2363 2126 2460 procurationes
2148 2381 2276 2454 quoque

423 2459 696 2566 splendidifflmas
709 2476 807 2558 atquc
820 2459 1133 2558 continuossunruro
1147 2463 1338 2558 integritate
1354 2462 1482 2536 adurini
1507 2466 1619 2538 sarcit·
1653 2461 1703 2538 Et
1724 2474 1831 2536 tanreu
1846 2457 2039 2536 liberalibus
2052 2455 2174 2560 scidiis
2198 2468 2278 2531 tan·

433 2574 504 2637 tam
518 2585 651 2660 operum
670 2561 783 2637 dedit:
820 2571 857 2634 ut
874 2583 938 2632 non
955 2571 1072 2631 temere
1087 2583 1185 2653 quam
1207 2561 1309 2658 pluro
1326 2559 1361 2634 in
1376 2562 1444 2634 otio
1480 2559 1639 2659 crissi-it.
1689 2559 1808 2658 Itaque
1835 2558 1917 2633 belia
1935 2561 2120 2653 omniaque
2136 2554 2278 2653 undique

434 2675 507 2735 mm
521 2662 669 2735 romanis
681 2655 865 2759 geslasunt.
882 2653 1100 2733 XXXVII.
1127 2655 1347 2731 voluminibus
1362 2683 1430 2731 com
1456 2659 1609 2733 retentis.
1644 2657 1730 2732 Item
1747 2661 1913 2733 matricalis
1925 2657 2053 2756 historic
2067 2649 2284 2730 XXXVII

435 2741 537 2834 libros
552 2757 703 2856 absoluit.
731 2755 840 2831 Periit
854 2754 952 2854 gadis
965 2757 1146 2855 campanie.
1173 2755 1353 2832 Namcum
1366 2684 1624 2930 midiltnstclss
1638 2757 1771 2856 praescr
1801 2758 2021 2854 &flagrante
2051 2753 2178 2853 Vcsruo
2199 2776 2208 2825 :
2232 2750 2281 2823 ad

436 2853 662 2953 explorandas
674 2877 735 2952 pro
765 2855 812 2927 ’us
834 2853 948 2949 causas
968 2851 1151 2929 liburnicas
1158 2853 1367 2955 pertenuisset
1392 2879 1400 2930 :
1428 2881 1564 2952 nequeo
1589 2853 1793 2956 uersantibus
1816 2859 1921 2930 ueritis
1934 2878 2077 2930 renotare
2099 2849 2217 2951 passer:
2241 2849 2290 2923 ai

432 2955 585 3054 pulueris
601 2879 770 3052 acsauiVe¹
782 2952 945 3054 oppresus
957 2958 1020 3054 cst:
1042 2956 1094 3027 uei
1105 2969 1142 3027 vt
1178 2953 1288 3028 uidam
1304 2957 1491 3047 existimant
1502 2979 1524 3032 a
1532 2953 1702 3053 ferreosuo
1720 2952 1867 3052 occisus:
1888 2980 1981 3052 quem
1994 2953 2144 3053 deficiens
2165 2953 2226 3056 eslu
2241 2956 2279 3019 ot
2385 2971 2390 2978 ·

438 3077 545 3129 necem
553 3041 623 3154 sthi
636 3063 821 3128 maturaret
838 3065 995 3127 oraumat
1022 3050 1076 3127 lie
1100 3055 1134 3127 iu
1149 2979 1185 3126 V
1232 3055 1238 3069 '
1285 3055 1292 3069 ‘

435 3152 569 3228 circiter
594 3151 700 3226 duum·
717 3148 854 3225 millium
869 3153 1057 3249 complexus
1070 3156 1120 3247 esi.
1147 3151 1283 3227 Primus
1295 3167 1404 3226 autent
1429 3148 1512 3228 liber
1524 3156 1616 3254 quas
1629 3151 1731 3227 index
1745 3149 1945 3230 XXXVI.
1958 3148 2120 3230 librorum
2138 3145 2295 3254 sequen*

438 3253 522 3326 dum
539 3248 814 3346 consumationem
828 3251 932 3323 totius
948 3252 1055 3346 operis
1082 3246 1122 3322 &
1129 3247 1255 3346 species
1269 3251 1416 3322 continet
1438 3252 1621 3326 titulorum.

532 3367 650 3450 Paruo
665 3368 773 3466 spatio
788 3368 972 3445 interiecto
983 3367 1106 3465 incipit
1118 3367 1271 3443 auctoris
1281 3368 1454 3468 praefatio
1467 3368 1512 3443 ad
1525 3369 1783 3466 Imperatorem
1796 3390 2082 3446 warasrauvnr
2095 3421 2105 3455 ,
2118 3367 2176 3442 cui
2189 3386 2281 3463 opus

438 3465 539 3546 suum
552 3467 716 3565 improbo
725 3467 846 3542 labore
857 3466 1042 3542 collestum
1054 3467 1242 3543 dedicauit.
1287 3465 1620 3552 Praefatioiecundi
1633 3467 1835 3566 foliiprima
1849 3470 2000 3566 pagina,
2028 3467 2122 3544 linea
2140 3486 2189 3560 42
2210 3477 2284 3539 ter·

386 3649 393 3658 ,
438 3569 621 3658 minatur.
643 3588 752 3664 quam
764 3566 968 3680 immediate
985 3566 1096 3641 totius
1109 3568 1226 3662 operis
1237 3567 1347 3642 index
1360 3565 1501 3663 excipit
1540 3565 1658 3679 l'rima
1671 3568 1801 3665 pagina
1816 3567 1891 3644 lolii
1915 3587 1958 3662 19
1979 3566 2115 3666 primus
2136 3564 2283 3640 inchoat

439 3664 767 3841 ibspsfquentspus
782 3666 919 3838 vspirbrs:
946 3661 1169 3838 Mupiums&
1186 3664 1246 3780 isac
1262 3662 1497 3838 qupdlirisomiuc
1511 3667 1578 3738 also
1592 3665 1727 3838 crippusa
1746 3663 1990 3842 ptellatrgiguit.
2024 3664 2168 3835 ‘Finitutir
2179 3681 2300 3836 arptp'rf¹

453 3787 525 3854 ao
579 3787 802 3879 33pagrna,
840 3786 977 3854 aeaco.
1054 3781 1350 3879 uerapagmao
1402 3784 1637 3878 352uacuae
1675 3819 1690 3879 ι,
1784 3790 1857 3882 ex·
1930 3783 2181 3878 eormrcaors
2217 3781 2284 3880 prr

442 3786 2283 4075 aulanatrutinanda‘trauastultis..tarantasiam:
2365 3981 2377 3992 -

443 4059 482 4135 dr
500 4058 930 4237 sequenstrpuastpblipalprttu
943 4060 1065 4230 verbiss
1074 4081 1083 4133 :
1106 4083 1302 4160 priusquam
1319 4058 1366 4134 ad
1380 4059 1491 4134 oculos
1505 4062 1680 4159 perueniat
1695 4062 1838 4163 desuem
1855 4066 1966 4141 nitor.
2006 4062 2076 4137 His
2089 4060 2207 4137 verbra
2232 4056 2284 4133 ie·

443 4172 595 4257 quantes
633 4181 713 4236 ure
855 4168 958 4232 entur
984 4180 1046 4233 uer
1059 4180 1131 4232 ns:

862 4303 931 4352 uem
956 4278 1050 4354 modo
1076 4289 1146 4353 tum
1172 4301 1288 4352 rarum
1313 4277 1447 4376 cupiens
1472 4278 1534 4352 viar
1555 4273 1654 4354 letior
1674 4274 1794 4356 habere
1808 4279 1868 4360 &a

866 4379 962 4472 nique
986 4381 1086 4451 etiam
1103 4376 1239 4475 sraiius
1266 4402 1348 4475 pene
1373 4377 1401 4449 le
1426 4376 1527 4450 cadus
1550 4401 1667 4451 mum:

821 4475 976 4577 Restituit
1005 4475 1143 4552 Venetis
1179 4499 1228 4549 mc
1254 4500 1359 4573 nuper
1412 4477 1492 4576 pira
1518 4471 1687 4552 Ioannes:

821 4571 1075 4676 Euscsipstpuc
1113 4570 1217 4649 libros
1244 4598 1295 4649 ere
1324 4586 1459 4649 notante
1483 4597 1582 4650 sucos.
1917 4611 1929 4632 κ

825 4671 920 4847 pv'esa
944 4698 1061 4845 mappa-p
1087 4671 1252 4869 qepngpm
1276 4696 1429 4862 mereo&
1457 4670 1677 4790 Calusuusqua
1698 4670 1854 4772 quiescat.

866 4795 982 4868 aesque
1062 4796 1102 4848 or
1147 4799 1166 4845 u
1206 4796 1318 4864 ocer
1351 4796 1362 4843 :
1457 4796 1601 4868 ingemo.
1733 4835 1736 4840 .

1135 4871 1184 4948 M.
1198 4868 1337 4948 CCCC.
1349 4869 1529 4949 vallll.

541 4931 716 5067 Summae
734 4985 802 5060 eise
817 4989 973 5064 -raritatis
984 4987 1155 5090 hocopus
1169 5048 1179 5082 ,
1203 5014 1331 5069 omnes
1346 4991 1505 5068 fatentur
1518 4991 1782 5089 Bibliographi3
1805 4981 2118 5065 immodeeodem
2135 4981 2290 5058 velitiae

446 5113 590 5188 quoque
601 5087 770 5164 indicium
784 5086 869 5163 ferri
883 5090 1019 5186 potest,
1044 5093 1141 5268 puori
1158 5147 1167 5179 ,
1192 5106 1233 5166 ut
1247 5093 1300 5169 ct
1314 5112 1610 5167 scunanoaurvs
1622 5092 1660 5165 in
1677 5090 1811 5165 Annon
1830 5088 1877 5162 asi
1888 5086 2015 5186 Angeii
2029 5082 2170 5160 Mariae
2186 5079 2289 5156 Cassi,

343 5259 352 5272 ,
447 5208 616 5272 orrum
632 5186 672 5264 de
696 5198 763 5289 opt.
775 5184 893 5288 script.
908 5186 1006 5269 Edit.
1018 5192 1044 5266 ii
1066 5216 1141 5271 rum
1160 5193 1425 5385 snguiachm3p.
1441 5213 1511 5289 177
1524 5191 1659 5280 habet,
1683 5243 1705 5281 ,‚
1717 5200 1865 5330 centum
1880 5188 2057 5269 duntaxat
2076 5179 2292 5357 &effipia

809 5327 814 5336 .
1609 5343 1618 5352 ἱ
2099 5335 2121 5372 o

1172 3051 1417 3130 rslrlsrrsXX.
1447 3053 1677 3127 milliarernm
1692 3049 2280 3152 dignarumexietiionevolumiuum
2390 3099 2397 3108 .
2457 3060 2461 3068 ·
