5400 6284
307 1297 313 1306 '
461 1343 480 1376 ,‚
507 1286 685 1361 stituerit:
712 1307 821 1381 quem
835 1287 1010 1360 honorem
1021 1307 1095 1359 non
1109 1281 1171 1357 illu

466 615 516 696 94
1226 572 1563 698 ,Q

463 775 583 895 ,stou
619 787 702 868 Hoc
712 786 810 866 idem
822 785 949 866 coniici
962 783 1055 887 poffe
1070 780 1211 864 videm
1229 809 1276 864 ex
1289 781 1447 862 versibus
1461 785 1562 885 ipsus,
1588 787 1650 888 qui
1671 812 1743 869 non
1758 786 1890 878 semel,
1914 797 2002 873 vtin
2017 795 2119 889 asiis,
2145 812 2210 879 aut
2237 799 2318 894 bis,

462 946 485 981 „
508 891 568 968 sed
590 892 627 968 dr
642 905 697 966 ter
710 889 748 965 in
760 889 828 964 hac
838 889 995 965 editione
1009 882 1156 984 adposrti
1172 883 1297 970 fuere,
1321 883 1473 962 subiesio
1493 886 1630 986 semper
1647 893 1792 967 nomine
1806 913 2030 972 cumeanus.

563 989 601 1065 P.
618 1012 721 1064 nunu
746 1013 792 1063 ex
806 990 949 1085 epistola
974 1006 1156 1064 curretur
1172 983 1412 1059 demonstrare
1426 999 1599 1074 conatur,
1627 987 1726 1065 illum
1741 992 2006 1088 primumsnilse
2033 1049 2044 1084 ,
2070 997 2131 1096 qui
2158 998 2319 1076 librario·

461 1114 542 1166 rum
564 1103 680 1163 errata
696 1088 874 1183 corrigere
886 1085 1066 1181 adgressus
1079 1083 1129 1160 stt.
1182 1082 1339 1180 Reponit
1352 1104 1653 1162 nvnrrrnuovs:
1678 1143 1699 1176 „
1720 1089 1760 1163 ld
1775 1112 1886 1164 vnum
1900 1115 1946 1165 ex
1955 1093 2033 1168 eius
2058 1095 2219 1173 oratione
2243 1101 2318 1175 col·

460 1243 483 1275 „
510 1188 745 1281 sperasset,
771 1185 884 1281 ipsum
899 1181 1163 1285 primumfuisso
1209 1182 1271 1279 qui
1290 1183 1404 1255 multis
1427 1181 1670 1278 exemplaribus
1683 1188 1851 1263 Liuiauas
1870 1190 2035 1267 Decades
2057 1195 2236 1292 corrigere
2260 1189 2317 1275 in·

1172 1237 1299 1358 beuter
1310 1278 1376 1375 ipsr
1390 1280 1628 1359 concesserim.
1663 1286 1832 1362 Secundo
1844 1313 1891 1364 ex
1904 1289 1982 1364 eius
1994 1290 2162 1388 loquendi
2174 1298 2315 1373 ratione

412 1456 421 1465 .
455 1414 480 1472 a,
507 1385 636 1462 coniici
651 1384 781 1478 pollet,
808 1385 1003 1460 editionem
1016 1379 1232 1468 AlerIensrs,
1255 1377 1420 1477 exipsius
1435 1378 1635 1470 sententia,
1660 1385 1777 1460 adhuc
1789 1388 2055 1464 inemendatam
2068 1390 2156 1478 esse,
2177 1420 2250 1469 noo
2263 1383 2323 1471 se!

456 1539 480 1573 „
504 1508 569 1561 cus
586 1507 628 1559 ac
641 1482 748 1558 MSS.
763 1482 858 1578 ipsa:
880 1506 903 1557 a
922 1481 1050 1581 quibus
1072 1496 1282 1578 propterea,
1310 1503 1357 1554 ne
1365 1479 1541 1560 inuidiam
1556 1484 1651 1578 apud
1666 1483 1777 1580 ipsum
1792 1539 1800 1568 ,
1829 1486 1972 1586 eiusque
1986 1503 2157 1587 patronos
2173 1489 2311 1582 subiret,

456 1638 480 1674 ,‚
506 1582 655 1657 minime
668 1604 749 1656 eam
762 1581 939 1666 distinxit,
964 1604 1083 1678 neque
1097 1580 1246 1656 verbum
1263 1577 1374 1655 ullum
1388 1579 1433 1654 de
1457 1601 1501 1655 ea
1521 1578 1615 1656 fecit.
1660 1582 1793 1670 Quidsr
1812 1597 1961 1683 vterque
1975 1588 2121 1674 editor,
2148 1589 2308 1668 Alerien·

455 1736 478 1769 „
506 1681 571 1770 srs,
599 1682 636 1758 dt
652 1680 927 1757 interamnensis
944 1680 1071 1755 eodem
1084 1702 1176 1775 pene
1191 1695 1353 1775 tempore
1366 1676 1488 1754 saxum
1505 1680 1573 1756 boc
1589 1680 1735 1756 voluere
1759 1736 1768 1769 ,
1794 1684 1884 1758 alter
1898 1685 2044 1763 alterius
2060 1687 2189 1764 inscius
2209 1745 2219 1779 ,
2247 1691 2308 1766 aaa

455 1835 480 1870 „
503 1778 602 1875 g'seffi
616 1780 703 1871 smt;
726 1779 777 1853 ita
789 1794 938 1865 tamen,
965 1792 1005 1853 vt
1019 1777 1212 1854 Aleriensrs
1230 1778 1371 1852 labores
1385 1790 1529 1874 propter
1550 1777 1744 1856 faciliorem
1757 1784 2038 1874 recognitionem
2056 1788 2103 1862 ab
2120 1789 2193 1885 ipso
2209 1790 2309 1865 adni-

454 1934 476 1967 „
502 1880 635 1963 bitam,
663 1890 742 1952 tum
755 1892 899 1975 propter
913 1878 1086 1953 maiorem
1102 1876 1243 1974 suorum
1256 1876 1561 1973 typographorum
1581 1878 1617 1952 in
1631 1881 1866 1976 imprimendo
1879 1883 2121 1971 celeritatem,
2149 1910 2221 1961 vno
2234 1942 2243 1973 ,
2257 1889 2309 1963 al-
2363 1937 2372 1942 -

452 2032 476 2066 ‚,
502 1992 627 2053 teroue
641 1974 760 2052 mense
784 1979 883 2073 prius
898 1997 1200 2075 quarncannnnr
1219 2031 1228 2062 ,
1249 1977 1296 2050 ad
1309 1975 1448 2050 exitum
1472 1975 1760 2073 perducerentur.
1813 1979 1916 2055 'lunc
1940 1982 2124 2059 manifesta
2140 1985 2208 2058 erit
2222 2008 2307 2060 cau·

452 2131 474 2165 ‚,
499 2075 556 2156 sa,
585 2075 818 2172 quamobrem
832 2090 959 2151 neuter
985 2076 1029 2149 de
1041 2075 1188 2151 alterius
1200 2073 1367 2151 industria
1379 2076 1600 2151 mentionem
1613 2075 1758 2153 seceritt
1777 2077 1938 2156 &nihilo
1953 2078 2064 2157 secius
2078 2084 2218 2181 integra
2229 2082 2307 2160 sub·

451 2229 474 2264 „
500 2172 591 2250 sdlet
605 2174 769 2270 prioritas
792 2175 959 2252 editionis
975 2172 1178 2250 Aleriensrs.

551 2327 574 2361 ,
601 2274 759 2347 Editioni
774 2271 964 2347 Aleriensrs
980 2295 1086 2370 porro
1100 2272 1295 2369 principem
1308 2269 1429 2345 locum
1441 2269 1625 2369 adsignant
1640 2274 1712 2353 Iac.
1731 2293 1957 2354 ononovrvs
1972 2301 1981 2351 :
1999 2277 2049 2352 lo.
2064 2278 2197 2361 Auen.
2212 2308 2305 2360 nan·

449 2426 473 2460 „
498 2395 577 2447 mc.
599 2370 650 2446 Io.
664 2370 761 2469 Aug.
776 2392 964 2447 nnnusrr.
978 2394 1234 2453 metrumne,
1254 2392 1297 2444 ac
1317 2368 1425 2450 Card.
1442 2393 1681 2458 ovrnunrvs,
1704 2375 1765 2471 qui
1779 2376 1873 2449 haud
1889 2378 1996 2450 dubio
2010 2379 2190 2474 epistolam
2203 2408 2305 2458 eanr-

447 2524 472 2561 „
497 2492 623 2558 eunt,
647 2473 693 2544 ad
707 2494 814 2567 quam
828 2483 1001 2567 prouocat
1021 2471 1059 2546 P.
1073 2493 1196 2555 urina,
1215 2467 1392 2562 legerunt.
1424 2470 1649 2549 Praesixaest
1688 2497 1805 2572 noque
1817 2473 2009 2551 lileriensis
2021 2476 2163 2572 epistola
2177 2481 2303 2570 editio·

447 2623 472 2659 „
498 2572 629 2655 nibus,
655 2589 1009 2666 quasvrnoncrnus
1023 2591 1080 2643 an
1099 2591 1207 2665 ¹470·
1233 2566 1396 2645 Venetii's
1408 2569 1445 2643 in
1459 2569 1577 2646 lucem
1589 2497 1727 2647 enisu:
1755 2573 1959 2649 Mediolansr
1978 2575 2110 2673 duplici
2131 2601 2187 2652 an.
2207 2595 2301 2678 1478

446 2723 470 2757 „
496 2669 534 2747 dt
550 2691 656 2765 1495:
682 2666 884 2743 Tarnilinae
897 2667 1029 2766 duplici
1040 2690 1124 2743 ann.
1142 2681 1234 2763 1482
1247 2666 1285 2744 dt
1302 2681 1420 2762 1485,
1447 2668 1602 2765 denique
1617 2671 1778 2745 Venetae
1791 2695 1848 2748 an.
1868 2687 1971 2770 1498.
2011 2675 2050 2752 lu
2073 2677 2202 2773 quibus
2225 2681 2302 2754 edi·

445 2822 469 2858 „
494 2767 669 2853 tionibus,
694 2768 733 2844 de
750 2764 859 2865 ipsam
874 2766 1065 2842 menems
1080 2766 1273 2841 editionem
1288 2765 1483 2862 expressam
1501 2765 1600 2841 fuisse
1613 2767 1728 2844 scribit
1740 2771 1905 2848 laudatus
1919 2795 2171 2870 ononov1vs'3
2184 2780 2234 2854 ita
2246 2791 2301 2855 ta·

444 2920 467 2957 „
496 2891 607 2955 men,
628 2882 669 2942 vt
682 2866 766 2941 noui
785 2866 940 2940 editores
953 2871 997 2940 ab
1014 2863 1186 2940 Alerienli
1209 2865 1405 2941 identidem
1419 2864 1640 2941 recederent.
1655 2866 1725 2951 Qui
1741 2869 1856 2943 honos
1881 2894 1927 2947 an
1953 2896 1997 2947 eo
2018 2874 2134 2951 seculo
2157 2877 2302 2954 habitus

445 3020 467 3054 „
494 2965 812 3063 fueritEpislolae,
841 2966 1038 3041 &editioni
1051 2983 1257 3053 campum,
1277 2962 1449 3038 lrastenus
1471 2964 1732 3061 incompertum
1752 2969 1838 3042 mihi
1851 2969 1909 3043 est.
1931 3024 1954 3057 „

540 3066 635 3151 Quid
649 3068 694 3139 de
709 3067 1039 3139 bacnvurnnneor
1068 3063 1234 3159 opinione
1248 3060 1474 3149 tenendum,
1502 3064 1724 3139 eruditorum
1744 3065 1874 3140 iudicio
1899 3068 2165 3148 decernendum
2189 3074 2300 3148 relin-

398 3247 401 3252 ,
443 3187 526 3266 quo.
566 3163 979 3250 Quamuisononovrvs
994 3185 1078 3238 cum
1091 3162 1191 3258 supra
1209 3161 1324 3235 citatis
1346 3157 1538 3236 lileriensis
1567 3163 1714 3238 editioni
1739 3159 1936 3262 principem
1961 3165 2120 3262 adfignet
2151 3170 2297 3260 locum,

441 3266 530 3344 milri
544 3279 665 3340 tamen
679 3260 866 3339 verisimile
878 3262 1047 3349 videtur,
1070 3275 1259 3357 utramque
1272 3256 1450 3334 officinam
1467 3273 1542 3336 tam
1560 3284 1897 3338 scntvnrnnnrnu
1916 3320 1924 3348 ,
1951 3265 1989 3341 dr
2015 3286 2295 3358 umnnanrzn,

441 3363 551 3462 quam
562 3384 685 3437 nanu
700 3362 829 3448 eodem
846 3385 968 3451 anno,
990 3360 1120 3436 scilicet
1141 3371 1256 3454 1469,
1283 3361 1320 3434 in
1336 3359 1461 3433 eadem
1477 3362 1682 3436 adornanda
1697 3375 1908 3459 occupatam
1920 3361 2028 3440 fuisse.
2062 3365 2172 3442 Haud
2196 3371 2294 3460 enim

344 3477 356 3486 '
440 3464 682 3548 credendum,
708 3458 940 3536 srAleriensrs
953 3461 1063 3535 editio
1075 3456 1329 3557 praecessisset,
1359 3457 1429 3533 hoc
1442 3458 1553 3532 latere
1568 3460 1714 3556 potuisse
1724 3480 1949 3536 cannabum
1971 3518 1980 3550 ,
2007 3463 2142 3540 dnmin
2166 3468 2295 3545 eadem
2364 3481 2373 3520 ·'

438 3563 527 3638 vrbe
542 3563 708 3636 Romana
726 3558 873 3635 editioni
885 3560 1256 3636 siuiaoaenauareto
1282 3579 1393 3631 eram.
1440 3556 1547 3642 Ideo,
1575 3579 1800 3635 crnrnanvnr
1820 3582 1898 3635 rem
1912 3574 1986 3637 tam
2002 3563 2182 3660 operosam
2206 3621 2217 3653 ,
2240 3567 2295 3642 la·

438 3662 630 3757 bonisque,
656 3682 699 3733 ac
721 3654 939 3732 difficultatis
953 3658 1096 3754 plenam
1114 3661 1153 3732 in
1169 3653 1203 3731 se
1219 3580 1413 3754 suscipere,
1441 3655 1537 3730 haud
1553 3658 1689 3734 necesse
1703 3658 1839 3745 suisset,
1858 3660 1915 3733 sed
1928 3658 2120 3737 Aleriensrs
2136 3662 2195 3740 sua
2216 3666 2293 3754 edi·
2350 3651 2362 3666 ’

436 3760 536 3836 tione
549 3757 742 3854 plurimum
755 3754 855 3831 illum
867 3756 1028 3843 iuuisset,
1054 3757 1214 3832 laborem
1226 3754 1428 3841 minuisset,
1448 3777 1666 3855 omnemque
1684 3757 1831 3852 fugasset
1843 3755 2096 3834 difficultatem.
2123 3759 2290 3850 Autslin
2374 3833 2378 3840 ,

436 3858 564 3932 eadem
576 3855 710 3930 multos
721 3854 838 3930 adhuc
855 3854 1039 3931 detexisset
1049 3877 1212 3944 errores,
1240 3853 1397 3930 illistam
1412 3874 1562 3952 parum,
1590 3881 1698 3956 quarn
1710 3857 1884 3944 librariis,
1908 3856 1946 3933 in
1960 3855 2019 3933 sua
2041 3858 2185 3957 epistola
2207 3885 2291 3962 par·

436 3979 545 4043 cens,
570 3956 808 4033 eosacueato
825 3953 1009 4032 strinxisset
1021 3955 1171 4034 calamo.

806 4135 1009 4234 cxxrx.
1025 4091 1156 4224 'naun
1172 4134 1224 4231 11.
1247 4131 1293 4221 Ρ.
1308 4134 1370 4229 n.
1393 4132 1514 4223 uuna
1536 4089 1724 4233 lubilaei.
1755 4137 1802 4224 n
1824 4132 1897 4235 fn.

531 4318 637 4400 Bulla
649 4315 820 4406 istaduo,
849 4315 1086 4397 &dimidium
1100 4315 1174 4392 solii
1189 4312 1456 4416 compleslitur,
1486 4313 1607 4415 estque
1622 4317 1824 4393 charaslere
1841 4319 2032 4407 Romano,
2064 4341 2200 4436 papyro
2224 4321 2286 4397 fir-

430 4443 539 4508 mae,
564 4441 608 4493 ac
620 4420 721 4497 albae
734 4415 907 4513 impressa.
952 4417 1108 4506 Quaeuis
1124 4417 1276 4513 pagina,
1301 4415 1425 4491 ultima
1442 4429 1613 4513 excepta,
1643 4439 1689 4512 33
1707 4419 1852 4493 eirlribet
1875 4421 1998 4495 lineas.
2034 4419 2191 4518 Pagrnoe
2205 4422 2284 4497 nul·

428 4524 467 4597 lo
483 4539 633 4596 numero
647 4517 726 4591 sunt
739 4527 884 4591 notatae
908 4570 919 4603 ,
945 4539 1014 4591 nec
1026 4515 1188 4591 custodes
1214 4568 1223 4603 ,
1251 4536 1319 4589 nec
1336 4512 1731 4612 figoatumeadparent.
1781 4518 1850 4593 Pro
1864 4520 2068 4616 diphtongis
2093 4525 2156 4610 oi,
2182 4521 2220 4599 dt
2248 4547 2287 4597 oe

428 4617 639 4719 conspicitur
651 4612 799 4711 simplex
818 4637 854 4688 e:
878 4614 1016 4690 Littera
1030 4614 1093 4689 lod
1106 4637 1171 4711 pro
1184 4612 1313 4711 punslo
1327 4611 1496 4689 lineolam
1510 4613 1570 4689 subi
1590 4615 1699 4690 babet
1719 4615 1929 4710 impositam.

523 4718 563 4793 ln
578 4716 697 4792 sronte
712 4716 801 4788 haec
820 4714 1014 4811 leguntur:
1041 4712 1148 4812 Copia
1172 4709 1258 4788 suile
1275 4714 1358 4786 unni
1379 4710 1501 4787 iubilei.
1555 4714 1647 4788 Dein
1668 4714 1792 4812 incipit
1816 4717 1920 4791 Bulla
1942 4717 1997 4791 his
2010 4717 2150 4793 verbis:
2188 4741 2283 4796 aav-
2412 4757 2419 4764 ·

427 4843 499 4895 svs
510 4855 561 4872 -
572 4817 656 4892 Hoc
674 4805 825 4891 verbum
837 4812 1057 4929 solummodo
1071 4812 1280 4927 capitalibus
1293 4812 1422 4927 litteris
1433 4812 1482 4887 est
1497 4812 1694 4907 expressum
1705 4853 1756 4867 --
1769 4811 1972 4929 Episcopum
1980 4815 2284 4916 seruasseruorom

427 4919 481 4992 dei
494 4919 566 4995 dec.
589 4915 711 4992 Prima
722 4914 819 4989 tertii
830 4914 906 4990 solit
946 4914 1074 5009 agina,
1099 4912 1194 4986 lmea
1209 4935 1251 5007 31
1267 4923 1489 4986 terminatur.
1530 4911 1635 4986 Bulla
1651 4910 1809 5008 sequentl
1824 4916 1932 4990 modo
1945 4917 2167 4992 concluditur
2182 4943 2190 4992 :
2204 4918 2283 4994 llo·

426 5030 497 5092 turn
512 5014 616 5090 Rome
629 5009 879 5111 opudsanb'um
895 4937 1034 5089 astrum
1061 5010 1167 5087 Anno
1180 5013 1403 5086 incarnation.
1417 5008 1579 5085 dominice
1591 5009 1755 5112 missefimo
1779 5012 2280 5119 quadringentefimoscptuffl.

419 5111 515 5215 ¹fimo.
531 5115 631 5189 lertio
645 5112 768 5187 decimo
781 5101 838 5188 Isl.
853 5111 949 5187 Maii
961 5112 1187 5211 Pontifimtm
1208 5112 1308 5211 noslri
1319 5107 1425 5185 Anno
1436 5103 1552 5185 Sexto.

521 5214 661 5291 Romae
681 5209 824 5286 Bullam
842 5212 943 5287 istam
970 5207 1069 5309 prelo
1082 5208 1256 5288 subditam
1270 5205 1390 5292 luisse,
1417 5207 1454 5284 dt
1469 5207 1615 5304 quidem
1628 5207 1888 5296 eodemanno,
1916 5211 1978 5287 vix
1991 5211 2139 5285 dubium
2162 5232 2281 5287 terna·

426 5329 501 5401 net,
550 5307 807 5401 chananeus,
834 5311 964 5412 quibus
975 5309 1139 5413 impressa
1151 5309 1224 5401 est„
1250 5307 1330 5385 sunt
1344 5304 1486 5411 prorsus
1502 5308 1611 5387 iidem
1625 5359 1636 5397 ,
1652 5322 1693 5386 vt
1703 5332 1751 5387 ex
1762 5310 1818 5391 ct
1835 5331 2070 5389 ansuinum
2082 5310 2212 5486 lingitis
2225 5311 2280 5389 di·

2171 5431 2223 5492 cr,
