5400 6284
279 1207 288 1238 “
414 1213 502 1291 dices
583 1211 618 1283 in
631 1232 755 1308 magna
765 1204 950 1304 captas&
962 1207 1085 1281 leuiore
1087 1202 1230 1314 sumptu
1241 1206 1362 1299 parari
1376 1202 1524 1303 paffent:
1587 1229 1684 1278 uamo

277 473 283 532 ³
405 529 488 630 ¹³⁶
783 554 799 564 ’
1012 485 1024 562 ²
1186 496 1608 616 ssssssi'

412 727 448 801 la
461 717 605 798 eruditio
612 711 713 816 ficum
726 711 859 789 tandem
873 710 970 788 dccuc
982 708 1141 811 agnoscat
1160 733 1171 786 c
1197 707 1301 884 irppri
1325 706 1481 805 inamquc
1492 708 1689 808 dignitatem
1710 712 1861 813 restituta
1871 715 1941 812 set:
1964 709 2065 788 Adeo.
2076 712 2146 787 late
2167 726 2268 812 patr-
2297 685 2312 746 5

412 836 451 898 at
469 820 625 896 Romana
650 811 690 889 id
708 812 839 889 &acca
844 809 1013 911 facundia
1028 824 1066 885 ut
1078 813 1146 886 iam
1161 808 1201 886 ii
1252 831 1274 880 a
1299 805 1365 884 i&
1379 808 1545 885 Britanni
1564 807 1828 896 bonororatorec
1844 812 1883 889 ii
1898 825 2017 910 poetas
2042 809 2161 895 lcabcre
2175 813 2266 888 uidc-

317 963 319 968 ·
401 930 538 1000 antur:
565 913 720 1008 adquam
744 912 872 1007 quidem
887 936 954 984 rem
969 909 1252 1009 conmcodiffimum
1264 906 1491 984 adiumentum
1503 912 1737 1010 praestiterunt
1751 908 1944 1010 nobiliffima
1956 905 2199 985 Germanorum
2212 913 2272 985 in·
2378 949 2381 954 ·

413 1018 512 1118 genia
529 1040 537 1088 :
553 1037 645 1110 ¹quac
662 1009 937 1111 artificiofiffimac
950 1008 1241 1106 imprimendorum
1253 1000 1416 1080 librorum
1435 1008 1567 1103 formas
1578 1010 1814 1104 excogitarunt
1825 1009 2178 1110 otsapientcffimarum
2202 1034 2268 1098 au·

414 1116 539 1194 trorum
573 1111 695 1185 lurima
702 1109 801 1208 fimul
813 1107 921 1184 rodem
943 1108 1098 1205 temporis
1115 1116 1275 1178 momento
1287 1106 1458 1179 uolumina
1471 1107 1507 1179 in
1515 1120 1675 1203 prorupta
1686 1105 1813 1278 iffm’
1841 1108 2009 1202 omnesque
2031 1110 2189 1208 otiliffrmi
2210 1132 2268 1181 co·

1708 1232 1775 1279 rem
1796 1205 2004 1303 &egotam
2020 1204 2184 1281 laudabili
2210 1231 2267 1280 eo·

414 1309 672 1485 rumfrwo
684 1331 748 1406 pro
762 1306 855 1381 uirili
867 1306 1087 1403 measauerc:
1113 1327 1153 1378 ac
1164 1298 1319 1401 publicae
1336 1303 1478 1377 utilitati
1494 1328 1556 1377 con
1574 1303 1661 1378 ulcre
1674 1303 1824 1380 decreui:
1850 1304 1894 1380 In
1915 1304 2095 1403 primisque
2115 1305 2176 1379 lcac
2188 1287 2266 1381 Pli-
2313 1329 2326 1348 ··

416 1412 466 1487 mii
508 1432 564 1481 ccu
637 1405 780 1480 iunioris
793 1401 1161 1503 Epistolac'cognitione
1169 1401 1316 1498 profetia
1332 1397 1533 1518 dignifflmac
1556 1399 1597 1476 il
1609 1400 1739 1476 letiionc
1747 1405 1923 1499 frequenti
1934 1430 1947 1477 .·
1960 1429 2060 1500 opera
2077 1428 2265 1486 meamnrn·
2373 1440 2376 1444 ·

415 1511 515 1584 datar
526 1500 745 1603 comedesque
761 1500 1005 1602 imprefforihuc
1029 1502 1122 1604 mist:
1147 1513 1184 1576 ut
1195 1497 1289 1596 quod
1297 1500 1495 1601 rarcfflmum
1499 1496 1656 1599 solebat:
1680 1503 1750 1575 iam
1768 1529 1936 1577 commune
1946 1500 2099 1577 mortibus
2114 1506 2196 1603 fieri
2212 1507 2264 1579 in·

322 1687 331 1694 ,
416 1607 532 1706 cipiat.
556 1604 629 1679 ἃς.
1628 1607 1631 1613 “
1844 1657 1847 1666 ,
2238 1657 2241 1662 .

391 1774 396 1786 ,
519 1699 673 1798 Epistola
686 1699 754 1774 hac
769 1696 987 1773 dedicatoria
999 1695 1121 1773 auersa
1132 1696 1207 1773 folii
1218 1694 1326 1792 primi
1340 1695 1491 1794 pagina,
1517 1696 1612 1773 linea
1623 1695 1770 1796 septima
1787 1696 1967 1787 absoluta,
2005 1698 2090 1774 folio
2108 1700 2266 1798 sequenti

422 1801 501 1880 Caii
518 1799 626 1877 Plinii
642 1795 786 1875 Secundi
809 1795 1058 1898 Nouicomenfis
1087 1794 1244 1874 Oratoris
1256 1796 1485 1912 sacundiffimi
1503 1798 1709 1897 epistolarum
1735 1794 1841 1873 Liber
1862 1796 1999 1872 Primus
2020 1799 2171 1894 incipit,
2204 1800 2266 1894 qui

417 1897 540 1978 auersa
552 1896 626 1973 folii
647 1907 688 1975 cb
703 1895 832 1994 pagina
844 1895 1067 1971 terminatur.
1100 1895 1200 1971 Folio
1217 1915 1270 1989 ιγ.
1299 1891 1426 1989 Incipit
1437 1893 1608 1972 Secundus
1622 1893 1889 1991 Liberselicitcr.
1926 1898 1969 1974 C.
1985 1895 2119 1969 Plinius
2137 1893 2266 1970 Roma-

418 2026 462 2076 no
475 1996 535 2093 [πο
537 1994 680 2096 salutem
692 1994 874 2093 plurimam
887 1992 978 2068 dicit.
1016 1992 1077 2070 Aa
1088 1992 1223 2070 calcem
1235 1991 1353 2089 operis
1365 1991 1496 2088 tegitur
1511 2017 1520 2070 :
1538 1992 1616 2069 Caii
1632 1993 1739 2070 Plinii
1748 1991 1893 2072 Secundi
1910 1994 2157 2094 Nouicomensrr
2175 1994 2265 2070 Ora·

260 2169 280 2214 ι,
418 2093 739 2196 loricsacundifflmi
760 2089 990 2193 Epistularum
1002 2090 1108 2169 [dher
1125 2091 1272 2167 otacus
1287 2089 1410 2187 Expli.
1432 2123 1439 2140 ,

514 2287 794 2390 Splendidiffima
809 2287 899 2361 haec
912 2287 1021 2361 editio
1035 2284 1129 2361 inter
1143 2308 1269 2362 omnes
1284 2286 1391 2362 huius
1403 2292 1522 2384 operis
1542 2287 1718 2366 editiones
1731 2288 1885 2385 primum
1900 2286 2038 2365 obtinet
2051 2289 2190 2366 locum·
2219 2287 2266 2363 ll·

417 2395 492 2471 lam
506 2390 663 2466 maxime
677 2385 931 2464 commendant
944 2385 1126 2481 singularis
1140 2381 1383 2488 charatterum
1395 2387 1510 2472 nitor,
1535 2390 1679 2463 chartae
1694 2388 1888 2462 mundities
1910 2442 1920 2473 ,
1960 2389 2113 2473 albedo,
2141 2411 2183 2461 ac
2204 2387 2266 2462 hr-

419 2494 554 2576 mitas,
581 2487 879 2585 amplillimaeque
893 2487 1095 2579 margines,
1120 2507 1210 2580 quas
1229 2484 1476 2581 typographus
1487 2487 1641 2582 reliquit.
1690 2487 1842 2565 Vnicum
1855 2498 1977 2560 tamen
1990 2486 2063 2571 eli,
2089 2487 2185 2583 quod
2210 2487 2267 2561 in·

419 2589 559 2687 fignem
577 2587 654 2660 eius
667 2583 888 2682 splendorem
909 2582 1085 2666 obfuscat,
1106 2595 1161 2657 tot
1172 2583 1341 2657 nimirum
1352 2582 1462 2752 spatia
1476 2606 1615 2672 vacua,
1638 2607 1754 2679 quae,
1783 2587 1829 2660 ob
1841 2585 2171 2681 gmocnsdiiiiones
2198 2583 2266 2659 im-

420 2686 599 2789 primendi
613 2682 854 2781 imperitiam,
880 2680 1311 2777 calligraphoadeusdem
1324 2681 1362 2754 in
1376 2683 1560 2756 cribendas
1577 2682 1818 2761 reliiiafuere.
1859 2682 2014 2757 initiales
2038 2683 2176 2759 litterae
2204 2695 2269 2758 aut

420 2787 554 2873 rubro,
579 2796 643 2860 aut
663 2780 827 2858 caeruleo
841 2779 961 2856 colore
980 2777 1240 2879 suntdepittae.
1273 2779 1505 2873 Signamrae,
1529 2778 1717 2872 custoqu
1739 2782 1777 2859 ἀ
1798 2783 2009 2880 paginarum
2021 2785 2164 2859 numeri
2178 2781 2266 2857 dest·

422 2884 827 3060 anmctprifflmm
841 2975 882 3052 T.
895 2973 945 3051 IV
965 2993 1000 3069 p.
1017 2993 1091 3068 302
1115 2972 1256 3072 inquit:
1277 3028 1300 3062 „
1321 2972 1413 3051 Mihi
1429 2972 1609 3071 probabile
1632 2974 1798 3064 videtur,
1823 2976 1920 3050 hunc
1942 2976 2071 3051 librum
2096 2975 2266 3051 excusum

278 3156 283 3172 ,
422 3139 446 3173 „
467 3079 567 3159 fuine
581 3102 602 3155 a
619 3075 852 3176 Clcridoplcoro
866 3093 1125 3160 vmnharnn,
1150 3074 1187 3147 in
1199 3075 1300 3148 cuius
1314 3072 1561 3168 typographeo
1574 3071 1768 3148 munitm
1779 3094 1901 3147 cunno
1915 3073 2123 3147 corretionis
2138 3085 2271 3146 munci

364 3225 371 3236 ,
425 3238 446 3277 ‚
473 3204 514 3256 re
531 3177 756 3274 fungebatur.
770 3229 791 3261 „
827 3171 1040 3285 Patetiduex
1060 3170 2175 3308 cicnnomsorationibusaramanrnnVenetiisanno1421
2196 3172 2277 3243 im·-

265 3311 271 3344 ’
423 3273 639 3476 talne?
652 3266 2268 3466 artriM&trichitibhmhmtrerob

425 3474 614 3572 congane.
651 3472 755 3550 Cani.
771 3470 816 3545 de
833 3490 939 3545 evan
951 3463 1045 3541 Bibl.
1066 3466 1156 3564 instr.
1171 3464 1334 3563 N.2397.
1374 3468 1428 3543 ct
1442 3466 1766 3566 snnmtmsesasc.
1780 3468 1808 3543 Ι
1820 3491 1854 3566 p.
1873 3487 1929 3564 29.

376 3634 381 3641 .
424 3652 481 3753 v,
508 3645 715 3744 Leonardi
730 3645 930 3735 dthino
949 3605 1057 3738 Ord.
1075 3641 1657 3764 PraedimQuedragelimale,
1686 3648 1813 3735 Anno
1841 3675 1947 3761 1471
1979 3643 2062 3733 line
2087 3645 2172 3734 loci
2187 3648 2267 3744 r&
2296 3705 2313 3738 .,
2376 3689 2383 3695 -

405 3869 407 3874 ,
540 3760 798 3883 typographi
813 3758 1089 3853 notainlol.

528 3942 795 4039 lntegmmhoc
808 3936 996 4037 opussolia
1010 3958 1083 4016 202
1098 3936 1352 4036 completiitur.
1406 3940 1626 4046 charthar,
1661 3964 1733 4040 quo
1758 3941 1993 4041 imprellum,
2021 3941 2072 4017 est
2096 3943 2269 4018 romanus

424 4041 664 4128 minusculus,
684 4063 728 4115 ac
740 4036 988 4124 nitidiliimus,
1010 4051 1051 4113 vt
1063 4060 1108 4112 ex
1121 4054 1300 4132 argento,
1324 4042 1421 4138 quod
1435 4042 1527 4121 bene
1541 4040 1595 4117 ct
1613 4063 1845 4118 sanonum
1870 4067 1904 4140 p.
1919 4063 1962 4138 35
1990 4043 2270 4131 animaduertit,

424 4141 522 4226 iulus
533 4140 647 4218 videri
659 4137 779 4238 poffec
821 4137 985 4236 Papyrus
998 4135 1047 4211 est
1057 4133 1306 4224 mundiffima,
1332 4141 1436 4215 lirina
1449 4140 1664 4225 admodum,
1691 4164 1735 4216 ac
1746 4141 1864 4238 polita
1902 4139 2037 4216 Desunt
2049 4140 2188 4230 litterae
2200 4139 2269 4216 ini-

424 4243 550 4328 thales,
576 4238 762 4323 custodes,
786 4233 1012 4332 amaturae,
1034 4257 1077 4310 ac
1091 4234 1300 4330 paginarum
1312 4241 1463 4317 numeri
1490 4238 1723 4318 sermonibus
1736 4239 1917 4315 nullusest
1936 4239 2115 4338 praefixus
2129 4238 2270 4320 bailus,
2307 4327 2309 4332 ,
2370 4243 2376 4258 ¹

424 4339 586 4510 singull?
606 4358 731 4414 eorum
747 4334 951 4434 praemittas
964 4334 1014 4410 est
1035 4331 1074 4410 S.
1089 4331 1294 4433 Scripturae
1306 4350 1450 4427 textus,
1473 4338 1537 4438 qui
1552 4338 1676 4415 thema
1687 4338 1867 4414 conffituit
1879 4368 1895 4424 ,‘
1915 4337 2122 4434 capitalibus
2136 4335 2268 4410 litteris

426 4465 448 4517 e
497 4463 536 4515 re
562 4459 617 4512 us.

448 4464 496 4538 xp
527 4535 634 4611 Initio
646 4530 765 4630 operis
777 4529 929 4626 legimur:
959 4525 1249 4630 Quadragrfimale
1260 4551 1399 4608 aureum
1410 4527 1533 4610 editam
1566 4557 1630 4610 ere
1671 4560 1702 4630 e,
1718 4532 1780 4609 ‘nm
1793 4531 2084 4633 excellmtiffimum
2097 4532 2271 4629 arsamo-
2347 4583 2356 4602 ,

419 4633 574 4813 ῳωωη
591 4633 715 4707 artium
728 4625 772 4704 'il
776 4625 875 4743 [acre
887 4625 1046 4745 theologie
1058 4628 1217 4745 dationem
1211 4631 1373 4802 Aratum
1387 4630 1523 4708 Leonar
1547 4659 1601 4708 um
1613 4556 1781 4710 {filino
1797 4636 1878 4708 almi
1889 4633 2177 4728 ordinissratrum
2190 4655 2269 4727 prc-

449 4746 613 4812 rcatorum
630 4751 669 4804 ac
683 4727 827 4803 dodrrne
838 4724 972 4825 anglice
986 4728 1198 4829 amtrfflmum
1241 4728 1412 4829 sensorum
1417 4733 1568 4829 feliciter
1580 4734 1707 4832 incipit.
1754 4730 1878 4829 Spatio
1895 4733 2000 4807 unius
2019 4734 2134 4807 lineae
2157 4731 2268 4806 inter·

424 4833 539 4919 tetro,
564 4829 722 4929 sequitur
736 4851 756 4902 r
771 4849 823 4905 nv
841 4847 982 4902 arsam
996 4850 1079 4903 cvm
1094 4841 1262 4904 iniurias
1276 4849 1386 4905 vnce
1397 4854 1520 4907 carun
1532 4843 1636 4907 tuum.
1652 4829 1767 4909 Matlr.
1784 4833 1843 4909 Vl.
1864 4825 2031 4932 Quoniam
2049 4830 2164 4904 multis
2172 4831 2268 4926 soris

424 4926 640 5030 absconditur
652 4940 726 5004 crat
739 4950 779 5001 ac
788 4951 848 5024 pre
860 4926 964 5002 nimia
977 4925 1154 5002 uoluminis
1169 4929 1357 5022 quantitate
1370 4953 1393 5001 a
1404 4932 1525 5045 paucis
1543 4932 1674 5026 acquiri
1681 4941 1815 5028 poterat
1830 4932 1937 5029 igitur
1950 4955 2011 5029 ego
2029 4930 2163 5028 indigne
2178 4932 2269 5002 tanti

425 5029 496 5106 uiri
507 5025 585 5125 disci
608 5025 657 5101 uli
669 5029 739 5102 cius
751 5049 866 5100 nomen
878 5050 941 5124 pre
952 5023 1172 5100 admiratione
1189 5027 1251 5099 uix
1260 5029 1410 5125 proferri
1424 5031 1517 5103 maleo
1542 5038 1651 5103 tamen
1675 5023 1819 5125 obscuris
1843 5054 1892 5103 mc
1924 5030 2094 5105 inuoluam
2118 5027 2268 5122 magistri

423 5054 606 5208 Lemmd
615 5121 657 5200 V
652 5127 782 5225 tinenfic
795 5142 879 5223 aput
893 5121 1101 5199 ahrcuiatum
1109 5121 1267 5223 pluribus
1280 5150 1354 5198 cum
1369 5127 1488 5201 iterari
1499 5127 1633 5226 cupiens
1645 5130 1681 5203 in
1693 5125 1880 5225 hacsorma
1901 5124 2022 5227 redegi.
2050 5125 2167 5201 Primo
2183 5128 2267 5201 ieiu-

426 5228 517 5307 nium
533 5220 780 5302 comnmdatur
793 5221 1006 5325 quadruplici
1018 5223 1207 5327 testimonio.
1259 5221 1409 5325 octuplo
1425 5238 1659 5324 argumento,
1683 5239 1724 5306 rt
1734 5229 1773 5305 in
1784 5226 1863 5306 aliis
1875 5223 2266 5398 mutenisagerZsolet

971 5373 978 5382 ·
1358 5353 1361 5364 ⁴
1735 5341 1744 5352 “
2095 5347 2144 5402 au
2176 5344 2217 5399 or
2282 5359 2286 5366 ·
