5400 6284
464 598 516 673 40
859 532 908 554 ¹*
1059 671 1061 675 ,
1173 546 1555 669 '28⁵ssss

320 731 344 796 s
459 791 501 847 ce
520 764 719 844 Monaclinli
739 737 856 858 ditio,
892 777 964 867 quo
978 778 1103 845 tamen
1119 788 1205 843 euin
1218 763 1295 864 post
1308 784 1446 838 annum
1463 783 1557 862 ¹472
1581 760 1682 843 usum
1696 764 1795 845 sussi'e
1810 824 1821 857 ,
1839 793 1914 849 non
1927 773 2089 853 constat:
2114 770 2244 856 merito
2257 779 2326 877 igi·

459 882 521 943 tur
540 867 586 941 ad
598 889 734 942 annum
756 866 814 943 vel
834 891 951 968 1471,
976 869 1035 944 vel
1059 891 1105 965 qa
1126 864 1356 979 referendum
1373 862 1460 976 ρι’ἰῑ.
1503 862 1569 939 Ast
1595 887 1668 963 qua
1695 867 1837 945 cudone
1861 872 1932 950 noc
1951 875 2143 956 adfirmare
2167 882 2326 976 potuerit

457 985 789 1051 numunianum,
815 991 890 1043 non
907 967 1039 1060 video;
1062 965 1166 1043 inusti
1180 966 1276 1040 enim
1290 960 1625 1057 Bibliographorum
1639 964 1740 1063 plura
1755 991 1780 1043 o
1892 970 2121 1068 sequentibus
2135 978 2239 1052 annii
2263 1001 2326 1052 eo·
2393 963 2419 980 ”

262 1084 266 1092 ·
312 1085 318 1100 ¹
426 1064 544 1139 uem
557 1075 646 1161 typo
659 1062 844 1163 impressa,
872 1063 1067 1142 recensent
1119 1060 1263 1154 Insuper
1278 1057 1669 1148 Guntirruszninicu,
1696 1079 1738 1145 vt
1793 1068 1815 1142 l.
1833 1092 1999 1145 canaiis
2017 1071 2116 1157 sicit
2131 1099 2166 1172 p.
2193 1075 2230 1149 X
2259 1077 2326 1151 do-

388 1213 435 1228 .,
448 1174 630 1274 numento
655 1161 706 1276 sat
732 1163 828 1238 claro
850 1164 1090 1247 demonstrat,
1117 1162 1155 1239 di
1170 1161 1268 1258 quod
1284 1159 1321 1235 in
1335 1160 1479 1256 proemii
1500 1161 1782 1265 animaduerstone
1797 1168 1963 1253 exhibui,
1991 1192 2087 1246 anno
2113 1189 2205 1270 1478
2229 1176 2324 1252 sata·

382 1307 406 1330 .-
458 1260 531 1335 sem
547 1274 620 1354 egit
632 1260 740 1376 diem.
785 1263 913 1360 ltaque
927 1262 1120 1377 dicendum
1132 1263 1224 1375 erit,
1249 1278 1495 1371 zaiuniiyir,
1521 1281 1621 1335 anno
1643 1285 1734 1355 iiia
1759 1264 1898 1362 elapso,
1923 1269 1983 1342 ves
1998 1270 2137 1365 prelum
2165 1270 2322 1371 reliquis·

459 1356 518 1441 se,
540 1358 597 1433 vel
613 1359 660 1434 ad
671 1361 781 1442 alium
794 1360 1030 1450 transtulisse,
1064 1360 1123 1437 iel
1134 1359 1213 1436 aliis
1226 1356 1488 1434 charaiieribus
1507 1356 1607 1435 isium
1625 1357 1723 1438 nune
1750 1412 1761 1450 ,
1785 1366 1882 1462 quod
1895 1378 2018 1443 tamen
2045 1390 2325 1450 aamunnouno

282 1509 290 1526 ..
347 1511 349 1516 .
458 1455 684 1554 priibandum
711 1474 886 1539 remanet.

445 1630 448 1642 ,
512 1599 536 1666 Ι·
558 1556 614 1628 De
625 1553 768 1632 autiore
783 1558 889 1633 huius
902 1557 1022 1656 operis
1035 1554 1312 1656 praestantissimi
1335 1554 1397 1630 diu
1411 1541 1606 1649 discepiare
1619 1573 1691 1631 non
1704 1568 1820 1635 vacat.
1855 1561 1925 1648 Qui
1937 1561 2039 1660 plura
2053 1565 2100 1642 de
2113 1577 2321 1643 controuer·
2417 1617 2426 1630 ,

459 1654 542 1729 siaa
558 1654 642 1729 viris
657 1654 855 1733 dosiilsimis
869 1681 913 1733 ea
927 1655 972 1731 de
987 1680 1025 1731 re
1039 1658 1199 1754 agitata,
1224 1654 1309 1730 scire
1321 1654 1445 1748 cupit,
1472 1653 1619 1729 euoluit
1634 1652 1844 1757 Constantini
1863 1683 2059 1738 cainiani
2075 1717 2087 1754 ,
2126 1663 2179 1740 Io.
2194 1683 2319 1742 inon-

458 1774 583 1834 uani,
609 1749 752 1850 Eusebii
781 1779 942 1842 unioni,
970 1753 1020 1829 so.
1053 1763 1331 1841 mnniiiouii,
1376 1749 1521 1827 simmae
1546 1773 1729 1830 nannum
1760 1753 2142 1849 ,10.iivn011‚&
2165 1766 2319 1842 ariorum
2409 1785 2436 1814 ·'

458 1849 609 1946 scripta,
638 1874 732 1949 quae
751 1855 881 1951 partim
902 1876 974 1951 pro¹
989 1849 1168 1928 sinnada
1184 1873 1364 1939 neniis,
1387 1848 1706 1952 partimprolocn
1724 1857 1886 1932 nauscit
1898 1857 2041 1938 Abbate
2061 1860 2146 1938 Ord
2161 1863 2200 1942 S.
2224 1861 2321 1944 Beu.

452 1947 675 2060 ‚vercellensi
686 1951 725 2029 in
736 1952 855 2030 lucem
874 1949 995 2028 emissa
1006 1952 1164 2030 suenint.
1362 1975 1380 1984 ¹·
1445 1973 1450 1988 ·
2388 1955 2394 1960 ’

827 2130 977 2220 Xles.
1008 2131 1256 2249 Hieronymi
1287 2127 1341 2216 de
1370 2128 1560 2217 Valsibus
1593 2130 1768 2223 Iefiiido.
1806 2134 1849 2222 iii
1867 2133 1941 2232 fol,
2090 2167 2093 2172 ·

551 2312 687 2413 Ieficida
700 2312 902 2411 Hieronymi
925 2311 965 2387 de
977 2311 1120 2388 uallibus
1132 2311 1294 2412 paduani.
1313 2311 1363 2385 od
1374 2312 1587 2388 reuerenduin
1612 2314 1649 2388 in
1669 2338 1741 2413 xpo
1751 2327 1884 2413 patrem
1899 2316 1940 2394 Β
1952 2317 2131 2394 dominum.
2146 2318 2328 2402 domimini·

457 2425 588 2594 pptrum
601 2412 725 2489 donato
750 2414 839 2512 regie
852 2409 946 2488 urbii
957 2412 1069 2509 padue
1080 2409 1244 2512 presulem
1260 2411 1480 2583 dignffmam
1495 2409 1664 2485 dominum
1673 2412 1776 2511 suum
1792 2416 2051 2518 colendifflmum.
2112 2418 2216 2495 Haec
2227 2423 2317 2499 titu·
2410 2470 2417 2479 -

473 2513 601 2598 ‘loco,
624 2512 743 2611 operis
754 2511 856 2588 initio
880 2512 1067 2590 habentur.
1106 2511 1234 2606 Incipit
1258 2510 1342 2584 dein
1367 2531 1389 2582 e
1412 2510 1581 2585 inuocatio
1599 2511 1648 2585 od
1660 2511 1756 2586 ileum
1771 2517 1930 2613 optimum
1943 2519 2154 2603 maximum,
2179 2542 2313 2597 nouem

457 2611 616 2690 versibua
635 2622 827 2696 contenta,
853 2631 962 2708 quain
974 2614 1143 2685 inuocati'o
1150 2607 1297 2706 secundo
1314 2609 1361 2680 od
1375 2606 1569 2704 episcopum,
1594 2611 1652 2683 cui
1667 2608 1834 2707 inscripsit
1852 2614 2017 2710 praesens
2036 2614 2241 2712 opusculum
2264 2620 2327 2694 de·

311 2741 316 2768 i
455 2709 789 2808 paffionedomini,
807 2710 951 2806 excipit.
992 2708 1221 2786 Terminatur
1245 2703 1367 2786 auersa
1382 2704 1574 2802 primifolii
1587 2708 1743 2802 pagina,
1768 2711 1869 2787 iersu
1885 2713 2038 2792 decimo.
2063 2714 2191 2812 sucipit
2210 2715 2324 2792 suum-

399 2844 406 2854 ·
458 2832 603 2887 carmen
626 2809 920 2884 aconuocatione
932 2809 1150 2895 doemonum
1179 2804 1371 2881 aPsutone
1384 2804 1514 2879 inserui
1527 2803 1686 2902 principe
1700 2806 1868 2905 iaitaqui
1882 2811 1928 2886 ad
1940 2811 2020 2888 snos
2032 2815 2232 2889 orationem
2244 2813 2311 2889 ha.

343 2969 354 2982 ,
385 2969 403 2994 ,.
456 2910 555 2993 buit,
578 2910 614 2986 in
628 2930 699 3006 qua
710 2911 800 2983 icsv
821 2906 937 2994 satia,
963 2906 1182 2990 destrinani,
1205 2905 1244 2983 ἀ
1266 2902 1436 2977 miracula
1449 2914 1616 2986 enarrat,
1642 2902 1902 3004 instantemque
1927 2910 2111 2984 infernalis
2133 2916 2235 3007 regni
2254 2915 2310 2988 in·

454 3010 602 3183 tentdipn
615 3004 903 3105 desperabuudus
920 3006 1078 3105 exponit
1126 3003 1293 3102 Denique
1305 3002 1524 3078 doemonum
1549 2997 1734 3078 cohortem
1746 3003 1794 3078 ad
1805 3004 1965 3086 furorem
1977 3008 2175 3087 accendere
2200 3032 2310 3088 cona·

455 3119 516 3188 tiit
566 3126 679 3185 cens:
1613 3151 1614 3156 =
2013 3151 2017 3156 -
2224 3151 2234 3171 .

478 3247 501 3262 a*
878 3201 1008 3282 Vadite
1032 3203 1164 3296 iamque
1187 3198 1248 3272 citi
1265 3194 1469 3299 pedibusque
1498 3196 1662 3298 accingite
1680 3201 1837 3299 mannii
1965 3204 1966 3208 ’

883 3300 935 3378 Tu
960 3325 1088 3399 quoque
1109 3299 1274 3398 imprimis
1298 3295 1412 3373 alletia
1436 3298 1567 3393 concipe
1592 3300 1727 3385 uisu,
1812 3328 1816 3334 ·
1901 3341 1906 3360 ι
2062 3357 2066 3364 .

875 3400 928 3479 Et
941 3400 1064 3499 solitas
1085 3412 1201 3479 citeri
1225 3398 1334 3472 maior
1357 3391 1421 3470 tilii
1439 3397 1552 3490 glorio
1574 3400 1701 3492 reflat,

874 3497 917 3578 Si
931 3504 1059 3601 struere
1080 3522 1122 3572 ac
1146 3507 1277 3571 tannim
1298 3494 1422 3592 poteris
1446 3515 1636 3589 componere
1658 3506 1806 3573 nomena

652 3650 657 3668 .
913 3624 993 3672 aare
1018 3622 1081 3694 age
1128 3619 1168 3669 or
1191 3596 1282 3668 oncis
1301 3616 1375 3666 msc
1397 3602 1479 3668 nota
1504 3590 1648 3667 accindi
1673 3596 1807 3670 uenenis
1898 3657 1903 3666 .

632 3735 643 3750 κ
693 3705 695 3712 ’
802 3729 805 3733 ⁴
912 3696 1070 3793 ggredere
1096 3621 1251 3769 sistris
1279 3692 1389 3788 longis
1417 3686 1630 3766 dominibus
1654 3716 1782 3789 angues

803 3845 806 3854 ·
869 3794 1002 3890 Eripe,
1029 3793 1193 3890 vipeream
1213 3787 1470 3889 scribarumque
1497 3789 1593 3893 infici
1620 3805 1783 3877 mentem,

870 3893 987 3987 Atque
1008 3892 1094 3964 odiis
1120 3893 1207 3989 reple
1232 3888 1398 3986 phariseos
1423 3942 1434 3975 ,
1462 3889 1579 3984 iraque
1603 3904 1739 3987 rumpat

868 3992 961 4172 ἐγώ
977 3988 1190 4166 ,lazicum
1210 3986 1364 4089 pariam
1390 4000 1450 4063 tua
1476 3988 1615 4062 uulnma
1643 3987 1741 4062 iudas

897 4093 1003 4167 entius
1066 4112 1097 4166 c.

444 4195 585 4292 Auula
608 4191 683 4273 solii
697 4192 792 4272 tertii
818 4197 948 4290 pagina
963 4186 1126 4289 passionis
1149 4187 1284 4262 domini
1310 4181 1457 4263 inchoat
1471 4181 1682 4283 descriptio,
1708 4182 1765 4260 cui
1782 4179 1859 4260 folii
1872 4179 2002 4259 decimi
2012 4181 2133 4260 auersa
2151 4204 2243 4266 inti
2258 4183 2298 4265 iii

332 4365 337 4372 .
447 4323 554 4379 cruce
566 4297 754 4395 pendentis
767 4295 813 4370 ad
827 4295 986 4369 animam
1001 4288 1224 4365 christianam
1242 4287 1356 4362 sermo
1372 4287 1481 4361 sinerii
1495 4286 1657 4381 imponit.
1686 4364 1691 4371 ,
1705 4282 1838 4359 Desunt
1855 4282 1994 4358 litterae
2007 4285 2169 4370 initiales,
2184 4286 2301 4380 signu·

380 4429 383 4436 ·
445 4414 573 4485 turae,
600 4395 786 4480 custodes,
819 4391 1081 4490 &paginarum
1094 4387 1248 4465 numeri.
1298 4385 1424 4483 Typus
1437 4384 1486 4460 est
1500 4383 1606 4480 piane
1623 4384 1743 4471 idem,
1768 4391 1841 4480 q'uo
1867 4385 2118 4480 praecedentia
2136 4381 2302 4481 impressa

385 4623 387 4627 ·
444 4498 596 4672 funt'CL
612 4613 778 4668 anicius
793 4587 1012 4687 praesentem
1032 4583 1226 4660 editionem
1238 4579 1535 4679 antiquissimam,
1563 4578 1817 4658 &rarissimam
1836 4579 1905 4656 suis
1921 4579 2119 4656 Annalibus
2145 4601 2220 4656 non
2243 4575 2298 4654 in·

338 4705 341 4712 '
442 4696 559 4774 seruit.
612 4711 800 4768 cuninae
813 4691 850 4784 iii
862 4687 997 4786 Adpos.
1012 4685 1051 4763 T.
1065 4685 1115 4760 sss
1141 4707 1214 4781 p.4
1239 4684 1277 4761 di
1293 4683 1386 4779 seqq.
1412 4681 1531 4778 plures
1543 4679 1703 4754 recenset
1717 4681 1914 4766 editiones,
1943 4681 2037 4755 hanc
2053 4701 2139 4756 vero
2151 4679 2297 4777 penitus
2386 4714 2391 4728 ·

263 4855 268 4862 -
330 4887 354 4908 ..
442 4793 640 4893 ignorauit..
702 4800 705 4806 ’

401 4967 412 4974 ,
540 4892 767 4988 Hieronymus
776 4906 942 5000 panici,
969 4882 1028 4963 seu
1040 4882 1085 4956 de
1103 4900 1316 4963 vicimus,
1337 4878 1409 4953 siue
1424 4895 1658 4961 recreasse,
1684 4871 1799 4971 patria
1816 4874 2033 4960 paduanus,
2065 4875 2197 4972 Eques,
2214 4872 2295 4948 Me·
2320 4911 2323 4916 .

441 4997 566 5075 dicus,
592 4991 753 5067 &Poeta
776 4988 929 5063 eximius
942 4984 1032 5060 vixit
1056 4981 1170 5055 secuso
1187 4979 1255 5058 XV
1278 4980 1434 5052 carmine
1455 4977 1534 5051 satis
1552 4976 1715 5069 elegante
1745 4977 1953 5048 hexametro
1967 4971 2161 5051 Silanionis
2193 4972 2294 5069 iiostri
2401 5005 2408 5013 ··

295 5077 302 5095 ’
440 5093 513 5189 Iesu
533 5088 652 5178 Cluilli
665 5085 838 5176 descripsit
853 5084 1066 5159 l‘assionein.
1097 5087 1194 5176 quod
1214 5082 1367 5175 priinuin
1379 5075 1447 5158 esse
1472 5074 1678 5174 opusculum
1692 5076 1737 5148 ab
1763 5097 1807 5146 eo
1827 5074 2060 5173 compositum
2078 5097 2126 5148 eii
2146 5072 2296 5146 inuoca-

439 5175 1216 5290 tioii'is'adsleumposteri-iiiversuadparet.
1542 5173 1558 5214 ⁴

842 5282 1081 5378 Primitiusque
1108 5307 1196 5358 nicar
1213 5275 1230 5376 (
1246 5279 1279 5377 st
1295 5300 1362 5373 qua
1385 5278 1425 5375 qt
1454 5269 1473 5372 )
1506 5297 1545 5348 eii
1562 5271 1673 5372 accipe
1696 5265 1817 5369 maistin
2085 5363 2117 5441 c
2179 5387 2227 5465 po
2380 5357 2388 5364 .

692 5412 694 5415 .
799 5413 802 5420 -
845 5431 849 5440 ,
1263 5423 1276 5436 .
1355 5437 1358 5442 ⁴
2118 5389 2178 5444 om
2227 5402 2244 5423 ·
