5400 6284
1086 617 1109 648 -.
1159 575 1484 685 ²²&ssss
1621 703 1632 720 θ
1828 651 1835 658 -
2162 589 2336 700 ¹812„¹

390 811 466 862 rrrrrr
477 780 770 958 ggqmructicerum
788 778 1080 877 audieritusscscit
1093 775 1316 878 defensorque.
1356 778 1454 858 Huic
1467 782 1614 862 nonnae
1629 779 1778 858 subieiia
1791 781 1968 858 habentur
1991 783 2236 902 typugrapbe·
2332 851 2337 858 ,

390 906 497 961 rurnr
536 901 643 956 rma.
1157 923 1166 940 ι
1467 959 1471 966 ,
2441 927 2444 932 «

487 904 671 1065 Linguae,
699 977 828 1075 quibus
841 978 1011 1071 hocopus
1038 969 1266 1072 impressum,
1293 972 1372 1048 sunt
1389 975 1556 1070 gothicae
1571 978 1794 1068 maiusculae,
1817 1002 1861 1054 ac
1881 980 2033 1076 pingues
2045 1034 2056 1063 ,
2069 1000 2161 1075 quae
2180 992 2236 1055 ta·
2256 1029 2259 1036 ·
2400 1036 2423 1077 ·.

356 1161 363 1180 ,
392 1080 479 1160 bula
490 1078 553 1155 Vl.
569 1077 613 1153 N.
628 1076 676 1152 lll
694 1077 878 1154 videndae.
930 1076 1047 1151 Prima
1067 1075 1254 1148 cuiuslibet
1267 1073 1430 1147 historiae
1443 1075 1538 1152 linea
1557 1077 1707 1162 litteris,
1736 1101 1825 1175 quas
1840 1076 1990 1178 llbffiases
2010 1077 2159 1167 dicunt,
2186 1077 2237 1164 esi

312 1177 316 1184 '
393 1176 560 1276 expressa.
600 1176 758 1264 Quaeuis
772 1177 901 1274 pagina
916 1175 1006 1249 duas
1019 1171 1472 1269 compleiiiturcolumnas.
1513 1177 1649 1252 Desunt
1660 1175 1995 1274 initialerlitteraet,
2013 1174 2257 1272 signatum„

298 1317 304 1328 ·
394 1276 581 1360 custodes,
607 1275 644 1351 dr
658 1271 868 1370 paginarum
881 1273 1030 1348 numeri.
1078 1273 1212 1347 Charta
1225 1270 1275 1345 est
1288 1270 1411 1355 firma,
1428 1267 1580 1364 uuna,
1606 1274 1664 1351 sed
1677 1278 1796 1352 minus
1808 1276 1927 1373 polita.

403 1398 408 1409 ·
493 1372 782 1456 Admirandum,
807 1395 877 1469 qua
890 1372 1061 1445 auiditate
1079 1373 1146 1445 lroc
1159 1392 1250 1465 opus
1268 1369 1392 1465 primis
1406 1375 1664 1471 typographiae
1690 1376 1793 1450 annis
1807 1375 1851 1449 ab
1862 1372 2027 1448 omnibus
2040 1372 2237 1469 quaesitum

392 1472 528 1558 fuerit,
554 1472 670 1557 adeo,
695 1485 734 1546 ut
748 1472 906 1545 infinitae
922 1470 997 1546 sere
1011 1469 1206 1567 prodierint
1230 1469 1267 1542 in
1281 1468 1399 1542 lucem
1421 1470 1607 1546 editionem
1641 1489 1808 1554 'uterere
1824 1472 1864 1548 T.
1880 1474 1903 1547 l.
1930 1469 2055 1566 Script.
2083 1469 2235 1547 Praedic.

393 1594 428 1668 p.
444 1593 515 1668 455
533 1570 606 1644 ianr
620 1591 668 1646 22
683 1591 807 1644 earum
819 1567 972 1644 diuersas
986 1582 1152 1643 numerat
1167 1565 1284 1642 l'eculo
1298 1566 1366 1643 XV
1380 1581 1422 1663 ty
1447 1567 1477 1642 is
1492 1572 1699 1667 euolgatas,
1746 1573 1807 1646 uin
1821 1572 1983 1648 omnium
1995 1571 2160 1649 notitiam
2172 1572 2240 1646 ha·

394 1673 480 1745 bere
494 1669 678 1766 potuerit.-
709 1670 765 1744 De
779 1666 950 1765 praesenti
964 1690 1051 1742 vero
1071 1690 1137 1742 nec
1150 1665 1335 1741 verbulum
1350 1591 1506 1762 proiirtq
1529 1670 1579 1745 ita
1596 1682 1695 1746 certe
1774 1668 1909 1746 multae
1936 1669 2027 1746 aliae
2041 1670 2159 1746 lucem
2175 1669 2241 1746 ad·

395 1766 607 1865 spexerunt,
632 1765 817 1864 dequibus
834 1767 931 1841 nulla
945 1763 1045 1840 notio
1070 1766 1116 1840 ad
1138 1765 1235 1838 illum
1252 1765 1425 1862 peruenit.
2107 1814 2110 1819 -
2352 1769 2356 1777 '

277 1941 281 1950 ,
440 1933 442 1938 .
499 1863 608 1944 Varia
622 1864 666 1940 de
680 1866 748 1939 hoe
760 1885 867 1960 opere
883 1864 1028 1939 fuerunt
1040 1864 1225 1948 hominum
1241 1862 1381 1937 iudicia.
1406 1861 1601 1938 Ludouicus
1616 1887 1734 1940 uivus
1749 1865 1787 1939 dr
1804 1862 1890 1963 coust
1904 1874 2050 1959 corrupt.
2067 1863 2108 1938 1..
2122 1884 2145 1937 a
2160 1863 2296 1937 scri·-
2415 1905 2420 1919 ·

395 1966 449 2042 bit
468 1988 476 2036 :
507 2018 529 2050 „
545 1964 713 2060 Legenda
728 1964 871 2059 quidem
885 1985 1012 2051 aurea,
1031 1964 1075 2036 ab
1090 1963 1233 2037 bomine
1250 1961 1322 2034 oris
1334 1959 1441 2036 ferrei
1458 1964 1575 2036 cordis
1586 1963 1741 2060 plumbei
1756 1963 1892 2060 scripta.
1925 1963 2019 2046 Quid
2034 1961 2172 2035 foedius
2188 1961 2251 2037 di·
2288 1969 2298 1990 ⁸
2328 1985 2331 1990 ·

397 2117 419 2151 „
446 2065 480 2137 ei
498 2062 609 2160 potest
628 2063 687 2138 illo
701 2059 828 2136 libro?
854 2085 963 2158 quam
977 2059 1182 2159 pudendum
1201 2059 1250 2134 esi
1263 2061 1365 2136 nobis
1379 2060 1596 2146 christianis,
1619 2088 1692 2138 non
1705 2061 1774 2136 elie
1790 2059 2096 2158 praeliantisiimos
2109 2059 2246 2136 nestro«
2311 2091 2317 2098 ·

275 2182 277 2185 ⁴
398 2217 420 2250 „
445 2184 527 2260 rum
557 2161 719 2237 diuorum
743 2159 841 2235 atius
866 2161 986 2236 verius
1008 2162 1046 2238 dc
1059 2159 1263 2233 adcuratius
1289 2161 1483 2233 memoriae
1504 2157 1717 2247 mandatos,
1746 2159 1819 2237 srue
1839 2162 1886 2234 ad
1912 2159 2154 2254 cognitionem
2170 2160 2244 2240 dcc,

399 2263 510 2340 Hunc
534 2258 673 2336 secutus
700 2259 750 2334 est
767 2258 932 2334 Melclrr'or
944 2280 1096 2350 cauus,
1122 2259 1182 2354 qui
1200 2256 1277 2332 Lib.
1297 2282 1351 2333 ιι.
1366 2283 1393 2331 c.
1408 2258 1430 2332 s.
1457 2258 1540 2336 Luc.
1557 2283 1715 2334 commun.
1731 2261 1805 2334 ait:
1827 2313 1847 2344 „
1861 2258 1974 2333 inille
1990 2256 2243 2352 miraculorum

400 2413 422 2448 „
448 2358 603 2436 monstra
619 2355 754 2455 saepius
770 2380 878 2454 quam
892 2380 978 2431 uera
1000 2359 1170 2431 miracula
1190 2356 1300 2450 legas.
1351 2358 1459 2434 Hanc
1479 2358 1685 2453 Legendam
1704 2379 1850 2434 auream
1865 2395 1915 2411 -
1941 2410 1963 2442 „
1978 2356 2086 2429 berno
2114 2353 2244 2452 scripsit
2260 2429 2263 2434 ,

402 2513 424 2545 „
450 2458 555 2532 ferrei
567 2457 664 2544 oris,
689 2457 845 2555 plumbei
865 2456 1003 2538 cordis,
1031 2457 1138 2548 animi
1155 2470 1251 2529 certe
1266 2478 1392 2550 parum
1407 2455 1518 2532 seueri
1530 2480 1573 2531 ac
1585 2457 1779 2554 prudentie.
1796 2508 1817 2542 „
1853 2454 2244 2552 Ipsequoqueovearr

402 2557 438 2634 id
452 2557 546 2632 baud
556 2553 724 2631 diffitetur
737 2580 746 2645 ;
760 2558 825 2629 lias
838 2572 959 2630 tamen
974 2555 1165 2628 acerrimas
1182 2576 1223 2625 ac
1239 2553 1421 2627 aculeatas
1438 2577 1614 2630 raceuvrr
1629 2581 1701 2631 non
1713 2555 1842 2632 mereri
1859 2549 2033 2639 censurae,
2045 2553 2245 2640 arbitratur,

403 2656 485 2752 quia
500 2655 569 2752 ipse
588 2656 729 2736 innuit,
754 2656 846 2728 uitas
862 2655 925 2727 bas
937 2653 1004 2730 SS.
1026 2677 1097 2726 non
1117 2649 1184 2725 al'e
1203 2651 1435 2747 composrtas,
1462 2652 1520 2727 sed
1533 2655 1742 2750 compilatas
1753 2666 1907 2742 tantum,
1933 2651 2030 2728 idest
2046 2705 2055 2736 ,
2076 2653 2171 2749 apud
2184 2652 2248 2730 ua·
2385 2657 2388 2663 “

404 2756 476 2828 rios
492 2751 660 2846 dispersas
675 2775 696 2825 a
711 2749 744 2825 se
758 2752 944 2837 celerias,
968 2752 1005 2827 dr
1025 2753 1062 2826 in
1078 2751 1239 2823 ordinem
1257 2749 1292 2822 di
1318 2749 1407 2824 estas
1422 2750 1543 2836 inille,
1571 2754 1701 2828 additis
1722 2750 1842 2848 pallnn
1855 2748 1926 2826 suis
1947 2750 2247 2828 annotationibus.

267 2867 279 2887 ⁸
392 2852 463 2968 ,δὶς
478 2852 516 2926 in
529 2851 604 2926 uita
618 2848 656 2929 S.
678 2871 839 2926 uernam
864 2863 1015 2936 menet,
1041 2861 1158 2926 totum
1172 2771 1369 2934 fabricium
1390 2847 1486 2936 else,
1509 2851 1606 2947 quod
1631 2851 1679 2927 ibi
1696 2850 1742 2930 de
1759 2850 1910 2928 concilio
1933 2847 2056 2927 tiiiitio
2080 2847 2248 2932 Romano

299 2985 302 2990 ·
404 2962 532 3025 atur.

388 3037 391 3042 ’
427 2972 462 3047 gl
498 3069 658 3122 rncouus
671 3047 733 3121 iste
742 3047 851 3154 ligur
866 3045 980 3120 aleco
995 3045 1193 3120 natiuitatis
1206 3045 1340 3140 Virgio‚
1363 3046 1593 3142 autVoragio
1608 3102 1617 3132 ‚
1632 3047 1675 3122 de
1699 3043 1895 3144 Verrugine,
1918 3040 1978 3120 seu
2007 3043 2174 3143 Vircgirre
2195 3043 2249 3117 di·
2394 3043 2397 3054 “
2429 3109 2432 3116 .

405 3148 499 3233 stus,
525 3148 618 3221 circa
629 3169 765 3222 annum
783 3168 877 3239 1230
895 3161 1026 3229 natus,
1048 3146 1198 3220 Genuae
1219 3168 1315 3218 anno
1338 3166 1430 3238 ¹244
1451 3142 1699 3222 Sooururcr
1724 3145 1879 3222 familiae
1905 3168 2039 3220 nomen
2062 3144 2183 3230 dedit,
2211 3145 2248 3218 in
2353 3145 2356 3150 ’

284 3315 296 3342 χ
405 3247 533 3322 eadem
545 3247 599 3319 vir
610 3246 719 3320 euasit
734 3247 891 3341 pietate,
917 3242 1094 3334 disciplina
1108 3243 1282 3335 regulari,
1310 3241 1493 3326 doiirina,
1509 3243 1628 3320 salutis
1643 3245 1844 3320 animarum
1870 3243 2004 3327 studio,
2030 3243 2249 3338 prudentia,

255 3427 259 3436 ¹
406 3366 598 3440 rerumque
611 3346 830 3436 agendarum
845 3342 969 3438 peritia
984 3339 1212 3423 clarissimus,
1241 3352 1280 3415 vt
1292 3341 1329 3414 in
1341 3339 1555 3417 lombardia
1571 3341 1802 3427 Prouinciae,
1824 3339 1986 3418 &totius
1999 3340 2136 3418 ordinis
2146 3341 2252 3415 mini·

258 3439 260 3446 ’
406 3444 502 3529 ster,
529 3440 684 3538 denique
702 3438 998 3537 Arclriepiscopus
1023 3438 1220 3517 Genuensrs
1233 3440 1346 3514 creari
1364 3439 1577 3520 murituasrt.
1618 3440 1716 3520 Obiit
1738 3462 1835 3518 enno
1856 3451 1961 3534 1298.
1999 3459 2148 3530 uvavu‘
2174 3438 2197 3513 l
2219 3460 2249 3512 c.

407 3567 442 3640 P·
457 3563 543 3639 454·

370 3675 479 3797 ‘nt
508 3706 553 3802 S,
578 3703 771 3910 Thomag
796 3703 1021 3906 rbqturutis
1036 3705 1208 3804 tertium
1232 3700 1458 3821 Scriptum,
1504 3702 1710 3822 Coloniae
1738 3675 2026 3821 perioannetu
2048 3698 2259 3838 Koelhuff
2279 3709 2292 3718 '

406 3837 410 3858 '
523 3845 858 3933 ann0147,m
896 3849 957 3915 ο.
1198 3869 1200 3874 ·
1566 3879 1572 3892 ·
1957 3855 1962 3868 ·

510 3999 553 4076 In
566 3999 683 4076 scente
702 4001 841 4098 operis,
867 4001 961 4076 soliis
976 4021 1049 4095 404
1065 4001 1245 4085 contenti,
1269 3999 1462 4078 maioribus
1472 3999 1602 4078 titteris
1614 3999 1813 4100 expressum
1823 3999 1976 4097 legitur:
2006 3996 2153 4079 Turium
2166 3997 2258 4099 scri·

328 4131 339 4144 ⁴
409 4098 617 4199 prensandi
642 4095 812 4174 Tiorrede
825 4097 965 4195 Aquino
986 4097 1262 4197 douorrseximri.
1300 4099 1491 4184 Quodlibet
1501 4101 1626 4179 solium
1639 4116 1792 4199 quatuor
1802 4099 2046 4198 complebitur
2061 4102 2257 4178 columnus.

412 4199 610 4277 Chartaest
623 4198 726 4274 firma
739 4199 956 4285 admodum,
977 4199 1015 4277 dr
1028 4197 1198 4296 impolita.
1242 4197 1581 4284 Initialeelitterae,
1607 4197 1872 4300 &paginarum
1896 4199 2037 4276 numeri
2061 4197 2259 4278 desideran-

409 4319 479 4376 tur.
523 4297 751 4394 Plagularum
766 4296 918 4374 fasciculi
942 4299 1078 4395 priores
1093 4295 1368 4394 septemdecim,
1405 4297 1467 4391 qui
1480 4319 1607 4372 omnes
1620 4297 1815 4394 quaterni,
1850 4296 1979 4371 litteris
1997 4319 2110 4380 a-r
2133 4294 2260 4389 srgnati
2362 4314 2367 4352 1

411 4400 511 4496 iunt3
535 4398 661 4495 reliqui
676 4419 799 4471 veroa
822 4395 1041 4473 distiniiione
1056 4395 1196 4470 decima
1217 4395 1342 4494 quinta
1356 4416 1469 4489 usque
1486 4395 1532 4468 ad
1552 4395 1662 4471 linem
1678 4449 1699 4490 „
1713 4394 1901 4490 signaturis
1912 4410 2048 4476 carent.
2086 4393 2271 4488 Custodes,
2391 4463 2414 4482 ,.

411 4500 456 4598 ab
470 4497 588 4590 operis
602 4498 776 4594 principio
797 4519 910 4592 usque
924 4497 969 4569 ad
982 4492 1239 4570 distiniiionem
1248 4493 1319 4571 XV
1339 4493 1427 4569 nulli
1439 4491 1755 4590 conspiciuntunab
1771 4492 1841 4570 hac
1857 4516 1945 4570 vero
1969 4516 2082 4592 usque
2091 4492 2138 4570 a'd
2151 4489 2271 4572 fmeio'
2395 4535 2403 4544 -

411 4605 540 4691 quarta
553 4593 626 4667 solii
640 4597 807 4672 columna
821 4593 1034 4694 potillrmum
1048 4591 1287 4668 obseruantur.
1339 4589 1592 4679 Charaileres,
1610 4593 1750 4692 ¹quibus
1766 4592 1993 4691 impressum,
2027 4593 2105 4670 sunt
2124 4591 2283 4688 gothici'

411 4689 620 4776 minusculi,
648 4695 707 4788 qui
726 4696 762 4768 in
777 4695 938 4790 eiusdem
966 4691 1007 4774 S.
1019 4691 1182 4768 Doiioris
1195 4691 1407 4765 veritatibus
1432 4689 1615 4786 disputatis
1634 4716 1729 4768 anno
1758 4716 1848 4790 1425
1875 4691 2035 4776 excusis,
2073 4694 2260 4774 habentur.
2334 4739 2338 4744 -

414 4790 473 4866 rtd
486 4788 622 4863 'calcem
637 4792 755 4887 operis
767 4793 915 4890 legitur:
939 4790 1099 4891 Explicit
1111 4793 1230 4864 tertius
1246 4787 1362 4864 Sarriii
1380 4785 1500 4865 Tsreme
1514 4790 1552 4864 dr
1564 4791 1705 4886 Aquino
1719 4791 2005 4963 ordiriqsrutrum
2016 4789 2262 4889 predicatorum
2371 4807 2374 4812 ·

413 4915 471 4987 per
485 4913 535 4961 mc
550 4885 661 4962 Iosrrm
678 4887 837 4990 Kuelioff
842 4890 881 4964 dr
897 4888 1029 4965 Lulrecse
1048 4888 1183 4965 Cosoair
1197 4887 1300 4962 ciurrrr
1314 4887 1419 4964 rinno
1434 4887 1566 4965 domiui.
1587 4893 1693 4987 1476.
1740 4890 1833 4964 Dein
1859 4913 1879 4963 e
1897 4891 1933 4964 iu
1956 4886 2079 4964 auersa
2101 4889 2263 4970 eiusdem

415 4989 488 5064 solii
503 4987 631 5083 pagina
646 4988 818 5085 incipiunt
844 4987 949 5065 illusi
956 4987 1059 5090 super
1072 4990 1205 5064 tertium
1217 4987 1338 5064 librum
1347 4987 1615 5086 sceleratiorem,
1654 4989 1714 5082 qui
1733 5001 1859 5084 quarta
1872 4987 1986 5064 ultimi
1999 4987 2073 5062 folii
2098 4977 2276 5069 columua'

415 5090 469 5164 his
494 5085 610 5160 verbis
624 5086 810 5163 desinunt2
836 5086 1041 5188 Expliciunt
1058 5088 1149 5163 tituli
1162 5090 1256 5164 tertii
1269 5086 1621 5186 fiarentierumsaudi
1648 5086 1767 5162 Thome
1791 5088 1962 5194 equinatis
1988 5085 2126 5166 Ordinis
2152 5086 2267 5186 predi·
2346 5109 2348 5113 ·
2438 5103 2441 5110 ·

417 5200 578 5260 cetorum.
1147 5249 1154 5274 ,
1545 5257 1549 5262 .
1690 5255 1727 5264 ..
1888 5259 1894 5270 ,
1982 5195 1985 5200 ’

512 5307 769 5373 maturrime,
784 5283 822 5364 de
840 5307 944 5363 aava
963 5306 1047 5362 curn
1059 5284 1137 5364 aliis
1154 5286 1249 5366 hanc
1263 5285 1461 5366 editionem
1477 5285 1745 5384 ignorauerunt3
1759 5289 1908 5370 eu'urra.
1923 5307 2010 5366 vero
2024 5283 2182 5363 einedrrn
2196 5281 2266 5366 T-l.

357 5473 360 5496 Ι
418 5410 452 5486 p.
470 5394 542 5476 288
556 5387 728 5464 meminit.
1270 5415 1283 5439 ··
1323 5483 1353 5561 Z
1769 5391 1776 5400 '
