5400 6284
499 588 569 667 ns
848 531 850 540 '
1094 691 1104 702 ,
1233 503 1604 687 '42ssae
2003 675 2007 682 ,

337 741 341 752 ⁵
917 771 1126 868 CXLVII.
1152 772 1374 867 Sermones
1394 774 1447 864 de
1475 772 1657 871 Saneiis.
1683 775 1727 866 in
1746 772 1818 877 fot
1834 805 1942 894 mog.
2019 745 2022 750 ‚
2105 867 2108 872 .

585 961 772 1077 integrum
791 958 860 1033 hoc
873 980 963 1130 ⁰qu
974 957 1068 1036 foliis
1084 965 1158 1058 ²4⁶
1168 958 1323 1050 constat.
1354 956 1559 1073 Imprelium
1573 958 1622 1033 est
1636 959 1673 1033 in
1688 925 1827 1071 duabus
1841 960 2017 1036 columnis
2034 1014 2044 1048 ,
2064 981 2216 1060 quantm
2229 986 2343 1066 quae-

405 1091 408 1096 ·
492 1061 550 1137 uis
563 1062 683 1137 lineos
701 1081 742 1157 57
757 1056 896 1154 comple
931 1072 1023 1141 rtur,
1051 1080 1189 1157 papyro
1200 1057 1321 1144 albae,
1349 1059 1496 1145 limnae3
1524 1054 1714 1132 sedminus
1727 1058 1883 1155 pomae,
1907 1059 2109 1137 charatiere
2122 1064 2269 1159 gothico
2289 1067 2342 1142 sn·

343 1219 347 1230 .
377 1177 381 1186 ·
490 1160 539 1236 tis
552 1160 696 1258 pingui,
724 1157 890 1250 &magis
903 1155 1082 1242 rotundo,
1105 1165 1214 1255 quem
1227 1154 1349 1231 tabula
1361 1153 1453 1231 Vlll
1467 1152 1512 1230 Ν.
1529 1154 1579 1232 ΙΙΙ
1603 1155 1758 1234 exhibet.
1818 1155 1995 1234 Chartarii
2011 1156 2107 1254 signa
2126 1175 2342 1245 occurrrunt

460 1275 462 1280 ·
491 1258 610 1334 littera
629 1260 680 1342 D,
702 1278 813 1353 quam
825 1255 922 1329 stilus
936 1251 1030 1329 secat
1051 1278 1098 1329 ex
1110 1277 1181 1352 sna
1195 1254 1344 1350 partein
1362 1252 1559 1337 annulum.
1582 1278 1629 1329 ex
1639 1254 1750 1330 sltern
1761 1254 1801 1332 in
1813 1276 1956 1332 crucem
1966 1255 2154 1345 defluens,
2182 1262 2220 1339 ἀ
2237 1285 2341 1340 coro.

489 1380 560 1443 na,
587 1355 646 1434 sed
664 1355 785 1432 minus
797 1354 1014 1451 [requenter.
1050 1352 1205 1432 Litteras
1218 1351 1372 1430 initiales
1385 1352 1538 1430 maiores
1550 1351 1650 1447 ligno
1660 1352 1785 1448 incisas
1802 1352 2015 1456 potiffimum
2027 1355 2162 1438 adiecit
2170 1370 2357 1462 typogrv,

491 1460 596 1555 phos.
643 1451 834 1536 Custodes,
863 1449 1089 1546 figunturne.
1114 1451 1375 1554 &paginarum
1391 1449 1532 1526 numeri
1546 1449 1798 1531 defiderantur.

586 1549 707 1628 Prima
721 1549 887 1626 columna
901 1549 1028 1648 incipit
1047 1545 1434 1650 Regiflruntsermonum
1445 1549 1556 1646 operis
1580 1547 1666 1628 Dnn
1689 1546 1889 1721 desnnffiu
1913 1547 2041 1631 desinit
2060 1554 2168 1632 tertia
2192 1554 2267 1634 folii
2284 1555 2334 1636 se·

488 1649 798 1736 cundicolumnn,
822 1647 918 1724 linea
933 1669 1004 1743 23,
1035 1647 1093 1723 cui
1110 1646 1301 1724 iubiestum
1319 1646 1472 1744 legitur:
1499 1644 1624 1759 Incipit
1646 1641 1766 1722 rutua
1793 1643 1875 1724 iibri
1887 1703 1898 1734 ‚
1926 1650 2028 1730 idest
2054 1705 2064 1738 ‚
2091 1653 2335 1752 alphabeticus

376 1803 381 1810 -
487 1749 720 1834 materiarum
737 1746 847 1822 index
868 1747 1025 1844 quinque
1038 1746 1132 1822 foliis
1146 1757 1368 1833 contentus.
1387 1744 1488 1823 cuius
1499 1746 1641 1824 initrum
1656 1743 1741 1820 folio
1753 1748 1869 1823 tertio
1883 1747 2044 1829 habettn.
2083 1750 2193 1836 Folio
2210 1753 2337 1836 oeneus

361 1845 365 1868 ¹
486 1846 615 1945 Incipit
627 1870 710 1944 opus
722 1843 761 1919 te
762 1842 899 1943 sonnis.
943 1844 1132 1920 Praemilla
1142 1844 1193 1921 est
1206 1842 1425 1922 sermonibus
1437 1844 1556 1923 breuis
1566 1841 1721 1922 auctoris
1729 1843 1938 1956 ‘praesrtim
1963 1869 2073 1946 qnam
2095 1849 2264 1928 columnis
2284 1851 2340 1929 se'·
2422 1893 2426 1898 ·

486 1947 604 2049 cundo
617 1946 754 2044 primus
765 1943 879 2018 sermo
892 1940 937 2017 de
950 1941 987 2017 S.
1006 1962 1171 2018 emoneo
1185 1940 1355 2044 Apostolo
1371 1941 1515 2038 excipit.
1529 1940 1662 2034 ¹Tertia
1677 1938 1753 2020 solu
1775 1964 1845 2037 124
1857 1943 2026 2022 columne
2041 1945 2137 2022 iinen
2150 1971 2196 2043 41
2208 1948 2337 2028 secun.

488 2047 556 2121 dus
571 2040 746 2121 subsermo
759 2041 805 2116 do
818 2037 856 2118 S.
869 2059 1095 2118 svnvsnrun
1109 2042 1281 2138 abruptus
1295 2039 1368 2125 est,
1395 2039 1450 2114 his
1470 2037 1588 2114 verbis
1599 2051 1688 2138 typo
1708 2039 1903 2140 adpreffis:
1929 2039 2002 2122 mc
2019 2041 2159 2124 Nullus.
2179 2050 2222 2153 est
2243 2047 2336 2146 dese.

484 2143 566 2222 ti'us.
612 2140 711 2216 Folio
727 2138 885 2238 sequenti
899 2139 1128 2213 continuatur
1140 2137 1253 2241 sermo
1270 2137 1390 2218 ierbis
1401 2160 1485 2216 cum
1503 2136 1611 2234 priori
1623 2148 1726 2216 textu
1742 2137 2038 2218 cohaerentibus:
2060 2141 2191 2320 8122·ss
2213 2158 2335 2222 nentes
2379 2181 2386 2192 ·

483 2241 808 2419 fflifcgscurnem
824 2232 1003 2338 versantur.
1037 2235 1367 2340 Termioatutnpus
1392 2246 1517 2338 quarta
1543 2234 1619 2315 folii
1633 2235 1750 2312 vltimi
1764 2239 1897 2338 pagina
1908 2291 1920 2330 ,
1948 2236 2045 2318 linea
2069 2262 2114 2344 57
2182 2251 2209 2319 'e
2236 2246 2335 2322 omni
2450 2309 2453 2320 .

524 2350 530 2358 ‘
571 2339 632 2416 'u
669 2339 719 2416 cri
744 2338 854 2416 lione.
899 2375 903 2380 ·
2312 2361 2316 2368 ·

582 2359 778 2514 Sermories
796 2432 879 2512 istos
895 2431 949 2510 Cl.
963 2430 1211 2512 oestune'nin
1223 2427 1317 2508 Bibl.
1332 2428 1476 2530 August.
1497 2452 1531 2527 p.
1549 2440 1618 2518 801
1644 2428 1808 2508 enotuit
1828 2452 2005 2511 rouonuo
2031 2431 2247 2526 aSuxoniu,
2268 2437 2336 2537 *qni

411 2538 415 2546 '
482 2536 629 2612 natium
642 2536 862 2618 Gerounus.
889 2532 1004 2632 patria
1015 2531 1137 2616 Saxo,
1163 2530 1241 2608 ord.
1256 2530 1405 2605 Eremit.
1441 2526 1721 2605 Snvnvsmur
1748 2528 1930 2604 Alumnus
1954 2530 2069 2608 leculo
2093 2533 2179 2612 XIV
2201 2536 2333 2614 floruit.
2426 2600 2429 2604 ,

483 2635 549 2712 Vir
573 2644 653 2708 erat
667 2644 744 2707 tam
765 2629 941 2716 nomina,
976 2650 1086 2725 quam
1101 2628 1235 2725 pietate
1262 2627 1440 2712 celebris,
1467 2626 1581 2700 multa
1594 2627 1780 2722 utriusque
1803 2642 2036 2706 monumenta
2053 2632 2195 2729 posteris
2226 2635 2334 2710 relin-

484 2753 611 2830 quenS.
647 2728 849 2804 Manifestat
860 2726 894 2800 se
909 2749 1053 2824 quoque
1068 2723 1190 2806 auitor
1205 2748 1291 2805 mox
1307 2726 1344 2799 in
1359 2724 1465 2822 ipsius
1487 2724 1717 2821 praefationis
1734 2725 1929 2805 initialibus
1941 2728 2059 2806 verbis
2072 2753 2082 2804 t
2107 2729 2190 2808 Dnn
2202 2735 2335 2810 catulus

428 2867 436 2874 -
480 2829 586 2906 ieonis
601 2830 687 2924 fluit
711 2827 854 2930 largiter
874 2825 913 2898 de
935 2823 1064 2924 Busan.
1092 2822 1198 2904 Dcu.
1218 2821 1374 2904 XXXI.
1405 2819 1658 2924 Trnnssunduto
1688 2823 1785 2915 fonte
1829 2846 1911 2906 son.
1942 2829 2004 2928 qui
2023 2827 2145 2908 diuina
2172 2830 2332 2930 largitate

340 3005 346 3024 ,
481 2932 624 3027 inopere
639 2925 830 3023 sermonum
856 2922 896 2997 de
907 2935 1051 3020 tenpore
1070 2918 1351 3019 oqunsfirtutores
1359 2925 1566 3022 profluenter
1583 2919 1713 3018 effudit.
1733 2919 1961 3002 'Accedamus
1981 2925 2030 3000 nd
2045 2927 2187 3004 nlte'run
2197 2933 2332 3026 sontem

325 3071 340 3080 -
481 3047 577 3102 nnn.
591 3022 702 3121 qui&
716 3022 785 3121 ipsc
799 3024 942 3099 donante
956 3022 1088 3096 domino
1102 3022 1244 3121 largiter
1255 3022 1291 3135 in
1303 3046 1401 3117 opere
1415 3016 1454 3092 tie
1465 3016 1587 3116 finistis
1602 3016 1696 3120 quod
1700 3045 1765 3124 pre
1779 3018 1933 3098 mamitus
1944 3020 2103 3102 tutunus
2119 3027 2330 3106 vincutum

471 3111 699 3299 Ῑοηέιὲξηιυὶ
713 3120 817 3199 iuniii
836 3138 1030 3194 renonum
1052 3141 1167 3192 nomen
1189 3118 1340 3294 eginone.
1370 3167 1372 3172 -

494 3251 498 3256 ·
614 3221 636 3296 l.
661 3231 884 3303 ossruonn,
911 3215 994 3292 licet
1007 3217 1140 3291 multos
1152 3211 1199 3292 Bi
1222 3213 1488 3312 liograplmrum
1501 3213 1609 3302 citet,
1635 3213 1766 3296 nullium
1780 3225 1903 3294 tamen
1917 3215 2065 3295 alterius
2079 3217 2247 3295 editionis
2262 3242 2330 3292 no·

377 3391 379 3398 .
479 3322 595 3397 titiam
620 3317 681 3396 sibi
707 3318 895 3415 adquirere
906 3314 1047 3413 potuit,
1076 3335 1185 3413 quam
1204 3313 1320 3404 illius,
1347 3335 1440 3412 quae
1455 3312 1679 3412 Argentinae
1698 3325 1795 3414 1484
1810 3316 1850 3391 in
1863 3316 2125 3417 lucemprodiit
2149 3340 2162 3412 3
2194 3327 2331 3414 exque

479 3418 734 3540 ΐυωιηᾳιὴυίυε
746 3416 874 3493 raritas
894 3411 1069 3494 elucescit.
1579 3445 1584 3452 ·
1779 3437 1783 3444 ·

456 3620 709 3720 ‚CXLVIIL
744 3616 959 3705 Trutiutus
969 3613 1198 3729 suntlemputs
1213 3610 1390 3699 multum
1401 3609 1642 3726 predicabilis
1653 3612 1702 3699 ln
1726 3637 1802 3726 pun
1817 3605 1987 3701 materis
2007 3612 2228 3726 dequolilet
2237 3608 2331 3731 suun.

594 3736 654 3822 tio
676 3761 725 3820 ex
739 3729 876 3846 figura
889 3748 1037 3818 nutura
1053 3730 1104 3822 it*
1117 3725 1293 3840 extenplo
1307 3725 1584 3838 eleguntifflme
1594 3727 1787 3840 probatur
1802 3727 1959 3841 Incipit.
1988 3728 2033 3814 in
2046 3726 2122 3826 fol.
2275 3799 2320 3852 ⁴3

571 3916 675 3994 Haec
694 3913 790 3993 tituli
810 3911 890 3990 neo
916 3907 1086 3990 infroote
1112 3906 1249 4004 primae
1275 3905 1467 3985 columnae
1479 3904 1578 3983 -In
1588 3906 1678 3982 duas
1690 3905 1787 3982 enim
1800 3905 1979 4005 qrmelibet
1990 3904 2149 3984 ticinen
2160 3904 2214 3983 est
2226 3906 2328 4007 pagi·

379 4085 385 4092 .
478 4037 524 4090 ns
537 4055 586 4069 —
606 4013 769 4110 impreiln
784 4010 971 4083 habentur.
1017 4003 1299 4082 Vndecimfoliis
1313 4003 1616 4082 totnsnbioluitur
1643 4005 1844 4091 namatus,
1877 4004 2079 4080 chorattere
2091 4006 2238 4103 gotlnco
2250 4029 2330 4082 rna·
2373 4003 2388 4026 ²

478 4113 608 4190 tusculo
621 4114 726 4212 plane
738 4113 863 4209 ignoto
878 4102 1073 4205 impressus.
1114 4103 1270 4191 litteras
1287 4103 1441 4178 initiales
1455 4106 1585 4201 partim
1598 4105 1713 4181 omisit
1730 4104 1978 4204 typographus
2003 4158 2015 4193 ,
2049 4106 2181 4203 partim
2195 4125 2329 4204 paruas
2360 4111 2368 4122 ‘

336 4223 368 4248 ·¹
477 4214 617 4289 adiecit.
653 4212 892 4309 Signatum,
924 4204 1107 4290 custodes,
1132 4202 1395 4299 &paginarum
1419 4204 1560 4280 numeri
1579 4203 1714 4279 desunt.
1757 4201 2328 4301 interpunffionisitgnumiolnnt

478 4313 683 4388 obteruntur
708 4308 889 4409 punitum
931 4303 1110 4382 Columna
1135 4300 1314 4397 quaelibet
1335 4321 1385 4393 42
1407 4302 1679 4399 comprehendit
1701 4301 1828 4378 lineas.
1868 4302 2029 4378 Primum
2055 4303 2174 4377 locuni
2189 4302 2328 4378 obunet

478 4407 514 4485 S.
531 4429 711 4484 suouens
735 4403 943 4506 Apostolum
968 4401 1095 4478 ultimo
1111 4398 1328 4493 vero'agitur
1340 4397 1387 4472 de
1402 4397 1623 4475 Dedicotione
1633 4398 1808 4504 Ecclestoe.
1843 4401 2070 4477 'lenninatur
2081 4399 2253 4477 naitanus
2263 4399 2328 4478 iste
2346 4400 2349 4404 ’

477 4505 630 4582 iucunda
648 4505 723 4594 folii
735 4500 915 4605 undecimi
929 4499 1125 4586 columna..
1145 4497 1240 4573 tinea
1257 4517 1328 4591 40,
1347 4497 1407 4573 cui
1430 4498 1621 4576 labienum
1633 4499 1763 4596 legitur
1785 4521 1796 4575 τ
1821 4498 1879 4577 Sit
1889 4500 1966 4574 inus
1976 4497 2047 4575 deo.
2375 4505 2382 4514 '

526 4686 718 4786 cxcix.
745 4679 880 4773 Biblia
896 4707 995 4769 cum
1012 4676 1139 4797 gloffa
1154 4675 1399 4776 ordinarie,
1430 4677 1474 4768 &
1498 4678 1762 4810 interlineari.
1790 4679 1915 4775 Tom.
1933 4679 2003 4766 lV.
2029 4678 2074 4765 in
2089 4613 2165 4765 foi.
2180 4676 2285 4796 Reg.

569 4870 704 4946 Tomus
717 4866 856 4967 primus
872 4862 968 4940 foliis
986 4881 1051 4957 25³
1068 4857 1254 4946 constans,
1280 4857 1404 4936 alibro
1422 4856 1554 4959 Genefis
1567 4881 1681 4959 voque
1699 4860 1745 4936 ad
1758 4861 1889 4937 librum
1904 4855 2001 4936 Ruti
2013 4879 2079 4956 pro
2121 4858 2248 4936 editur.
2267 4859 2327 4935 In·

367 5043 369 5048 ,
478 4967 562 5058 cipit
573 4967 645 5043 stne
657 4968 761 5044 titulo
775 4966 821 5041 nb
834 4962 978 5060 epistola
990 4957 1028 5036 S.
1044 4978 1286 5044 ntnnousmtr
1300 4958 1347 5032 nd
1362 4978 1584 5046 nevernum,
1595 4961 1633 5036 in
1645 4960 1748 5036 cuius
1763 4959 1881 5036 fronte
1893 4957 2046 5054 legitur:
2096 4957 2216 5059 pistule
2236 4955 2328 5032 tuan

481 5067 670 5142 Hieronimi
677 5063 859 5164 presbiteri
874 5058 1113 5137 udPnuiinum
1135 5055 1220 5156 pres
1220 5053 1361 5131 tucrum
1385 5055 1425 5130 de
1438 5054 1590 5132 omnibus
1612 5057 1725 5133 diuino
1751 5057 1880 5157 historie
1898 5054 1996 5133 libris
2007 5058 2135 5153 incipit.
2163 5054 2326 5138 'Finitus

477 5180 606 5265 quarta
615 5163 691 5240 folii
708 5161 853 5239 secundi
865 5159 1057 5245 columna,
1080 5156 1176 5231 linea
1186 5178 1260 5252 49,
1287 5154 1356 5234 cui-
1370 5152 1567 5234 subnexum
1578 5156 1774 5250 {habetest
1813 5154 1853 5232 E
1875 5156 1968 5257 istola
1988 5150 2101 5253 senili
2131 5149 2329 5230 Irinonini

474 5263 654 5367 presbiteri
667 5261 714 5339 nd
727 5261 910 5340 Paulinum
918 5253 1147 5359 presbiterum
1167 5252 1315 5370 explicit.
1356 5251 1457 5331 Folio
1479 5252 1658 5356 sequentis
1678 5260 1795 5358 prima
1806 5182 2169 5363 coiumnaepistolem
2189 5252 2331 5427 {ncipit

2112 5372 2191 5428 erus
2217 5373 2277 5426 em
