5400 6284
282 463 487 644 Ι164
769 529 772 534 ’
1179 537 1504 654 ⁶⁸³ssss

370 733 372 738 ’
417 739 769 816 rienrwnrtrnorein
785 735 940 836 Aipeia.
956 723 1057 812 civo
1077 733 1163 838 ffifl.
1169 735 1289 852 seript.
1304 733 1432 834 Ecclefi
1441 761 1481 838 p.
1503 751 1570 832 188
1587 743 1808 819 mentionem
1822 745 1918 822 fecit.
1952 748 2112 826 Alterius
2129 754 2270 834 iterum.
2352 725 2355 736 Ι

416 861 610 922 romanae,
637 860 730 934 quae
757 837 829 913 srne
844 837 1056 934 typographi
1082 859 1228 914 nornine
1245 856 1340 940 anno
1360 858 1457 931 ,1473
1485 841 1582 935 typis
1597 839 1777 917 commissa
1790 843 1866 928 est,
1893 869 2126 926 nnrrrnrna
2154 853 2193 928 T.
2209 851 2259 928 lli

415 961 452 1036 p.
470 960 544 1034 330
559 938 731 1012 meminit.
770 937 903 1030 Annon
917 935 1042 1010 eadem
1057 934 1097 1009 srt
1116 958 1200 1010 cum
1215 935 1317 1031 supra
1332 954 1558 1022 memorata.
1580 939 1619 1014 ist
1631 940 1669 1013 io
1682 942 1768 1014 anni
1784 940 1953 1036 positione
1967 965 2137 1036 erramm,
2154 951 2259 1024 valde

415 1037 546 1112 dubius
574 1035 705 1110 haereo
717 1059 728 1129 ;
754 1031 942 1133 praecipue
956 1057 1039 1110 cum
1052 1033 1301 1110 bibliothecam
1318 1033 1559 1110 Labbeianam
1578 1037 1757 1114 erroribus
1769 1038 1936 1117 insartam
1949 1045 2045 1119 citet.

415 1219 468 1310 V.
496 1215 715 1303 Trahatus
732 1213 784 1301 de
806 1210 889 1299 fide
911 1214 955 1298 in
969 1211 1154 1298 Messinm
1182 1231 1331 1299 contra
1349 1187 1538 1303 ludaeos.
1581 1214 1829 1315 Theodisce.
1856 1171 2161 1338 norimbergae
2186 1249 2261 1339 pet

532 1324 1453 1440 FridericumCreussneranno1474infol,
1662 1337 1668 1354 ’
1781 1361 1826 1410 ⁴..
2247 1397 2250 1402 .

513 1511 557 1586 In
572 1511 641 1586 hoc'
655 1509 808 1586 traslatu
819 1506 940 1584 auttot
951 1506 1102 1582 ludaeos
1119 1518 1316 1604 negantes,
1343 1508 1551 1584 rnsvnresle
1564 1531 1587 1584 a
1601 1507 1680 1584 Deo
1717 1511 1897 1588 remilium
1908 1535 2112 1602 nassrnnr,
2131 1515 2261 1593 iisdem

413 1610 635 1708 argumentis
649 1633 695 1683 ex
707 1610 820 1682 veteri
833 1606 1044 1682 testamento
1057 1605 1202 1703 petitis,
1230 1629 1322 1701 quae
1339 1606 1388 1681 illi
1415 1608 1460 1680 de
1485 1631 1633 1682 rnussrn
1649 1610 1703 1684 dit
1763 1611 1861 1688 fuisse
1878 1611 2092 1700 admittunt,
2112 1617 2261 1709 adgredi
2277 1681 2283 1686 .

413 1723 573 1786 conatur.
614 1706 862 1791 Demonstrat,
882 1704 1112 1782 omniasuille
1137 1705 1284 1802 impleta
1296 1707 1333 1780 in
1347 1729 1438 1780 rasv
1452 1705 1639 1782 Nazareno
1658 1762 1668 1792 ,
1691 1730 1784 1805 qnae
1812 1711 1857 1785 de
1885 1733 2034 1788 nessia
2057 1713 2137 1790 libri
2157 1737 2261 1788 nou·

282 1851 286 1870 .
413 1833 498 1894 m,
526 1804 681 1905 Psalmi,
711 1803 948 1904 &Prophetae
960 1802 1238 1901 praedixerunt,
1266 1826 1463 1901 eorumque
1478 1804 1693 1881 obiettiones
1717 1807 1835 1884 solidis
1850 1811 2074 1904 argumentis
2096 1812 2261 1889 refellere
2343 1845 2347 1862 ¹

510 2005 638 2101 locipit
650 2001 722 2079 srne
736 2003 833 2078 omni
845 2000 950 2076 titulo
959 2012 1022 2075 aut
1035 1997 1260 2096 inscriptione
1276 1997 1504 2096 sequentibus
1517 2001 1653 2078 verbis:
1669 1999 1712 2076 In
1725 2003 1828 2078 nnen
1843 2029 1959 2080 waren
1971 2005 2150 2106 cn'flliehen
2158 2009 2260 2105 grau.

412 2103 475 2179 ben
488 2102 635 2199 verleysre
651 2125 712 2176 uns
727 2101 785 2175 der
796 2099 983 2195 nllnrecbtig
995 2101 1080 2195 cwig
1088 2110 1150 2194 got
1168 2098 1298 2172 Derda
1313 2101 1350 2198 isl
1367 2099 1542 2199 driwnltig
1561 2103 1596 2174 in
1611 2100 1672 2174 den
1707 2099 1839 2198 erfhnrn
1852 2103 1920 2178 Ass
1935 2118 2032 2180 enter
2040 2105 2118 2204 sien·
2130 2107 2260 2204 heligen

413 2205 503 2303 geist.
517 2204 552 2274 in
569 2201 631 2273 den
642 2199 810 2299 gotlielren
824 2197 924 2293 wesen
944 2199 996 2271 ein
1010 2199 1136 2292 einiger
1149 2221 1258 2269 waren
1267 2209 1328 2292 got
1332 2196 1447 2293 seinen
1460 2196 1599 2298 heiligen
1602 2201 1660 2294 sri
1682 2254 1693 2272 .
1731 2199 1906 2297 Loquitur
1918 2203 2047 2278 deiude
2072 2203 2119 2278 de
2146 2227 2259 2300 ange·

411 2303 529 2376 lorum
544 2302 752 2387 creatione,
783 2297 924 2371 ordine:
939 2296 984 2369 de
998 2295 1173 2378 Luciferi,
1202 2296 1351 2389 eiusque
1364 2296 1569 2371 asleclarnm
1588 2297 1701 2394 lapsu:
1716 2299 1761 2372 de
1773 2300 1929 2375 hominis
1945 2305 2149 2389 creatione,
2164 2307 2261 2380 eius·
2366 2327 2371 2342 '

412 2423 483 2496 que
500 2396 621 2494 lapsu:
647 2397 692 2472 de
705 2395 918 2472 Patriarehis
944 2449 953 2478 ,
978 2393 1106 2489 quibus
1129 2415 1294 2467 nussrns
1315 2391 1526 2490 promissus,
1553 2397 1598 2496 (le
1621 2397 1831 2492 Prophetis,
1862 2399 1900 2476 δι
1925 2399 2071 2474 tandem
2096 2401 2143 2476 de
2168 2423 2260 2484 rasit

414 2500 612 2574 Nazareno.
652 2493 790 2570 Transit
800 2492 929 2568 deinde
944 2493 990 2565 ad
1004 2489 1139 2566 diuersa
1152 2492 1348 2566 infidelium
1362 2513 1495 2588 genera
1512 2548 1522 2580 ,
1547 2494 1641 2568 inter
1657 2519 1750 2592 quae
1767 2497 1805 2574 &
1818 2497 1961 2582 ludaei,
1988 2501 2118 2594 quibus
2143 2503 2259 2597 primo
2296 2498 2300 2504 ’

411 2620 459 2672 ex
474 2594 695 2691 scriptoribus
708 2591 891 2676 Bistonis,
916 2587 1162 2668 &Sibillornen
1173 2592 1388 2687 prophetiis,
1416 2591 1453 2667 δι
1472 2591 1617 2665 tandem
1640 2616 1686 2665 ex
1710 2593 1783 2689 ipso
1798 2597 1910 2669 veteri
1937 2597 2170 2683 testamento,
2195 2622 2258 2673 ru·

411 2717 491 2769 svnr
506 2693 574 2768 else
591 2713 740 2778 verum,
767 2692 804 2769 δι
818 2713 838 2764 a
852 2689 930 2766 Deo
943 2687 1147 2790 promissum
1171 2711 1377 2774 rnressrnrn,
1403 2689 1629 2766 demonstrat.
1666 2690 1802 2766 Aueria
1823 2693 1899 2768 solii
1924 2717 1968 2790 35
1992 2697 2123 2792 pagina
2134 2697 2259 2792 incipi·

411 2806 480 2870 unt
497 2793 708 2868 ludaeorum
722 2789 959 2873 obietiiones,
986 2788 1116 2885 quibus
1131 2786 1252 2861 autior
1263 2809 1350 2862 mox
1367 2787 1618 2861 refutationem
1630 2787 1777 2864 subiicit.
1799 2791 1860 2866 Ad
1871 2793 1980 2868 linem
1991 2795 2143 2888 legitur:
2167 2791 2259 2892 Dese
2318 2821 2335 2846 e

412 2891 497 2966 buci
509 2890 566 2964 lot
579 2888 736 2988 gedrneit
754 2888 856 2963 Fricz
875 2886 1050 2985 Crenssner
1061 2909 1107 2960 ze
1124 2882 1320 2982 Niirnberg.
1343 2884 1443 2960 Neci
1459 2888 1547 2984 crrjli
1564 2900 1686 2982 gepnrt
1708 2887 1763 2962 M.
1779 2887 1918 2968 CCCC.
1933 2890 2017 2965 LX
2012 2891 2058 2966 X
2054 2889 2149 2967 IIII.
2236 2939 2246 2950 -

345 3019 351 3038 ·
507 2992 538 3069 T
540 2989 694 3064 rattatus
712 3004 801 3084 typo
814 2987 964 3070 eodem,
996 2991 1069 3082 quo
1081 2985 1323 3081 praecedens,
1343 2983 1546 3081 impressum
1557 2985 1640 3060 folia
1654 2991 1703 3080 46
1722 2987 1988 3082 compleiiitnr,
2015 2991 2053 3066 δι
2065 2991 2182 3065 nullas
2196 3015 2261 3065 ex·

412 3088 511 3163 hibet
531 3088 748 3200 signatores,
776 3085 895 3201 nullos
907 3084 1092 3166 custodes,
1120 3095 1184 3158 aut
1196 3081 1407 3179 paginarum
1419 3106 1612 3170 numeros,
1635 3084 1822 3181 nullasque
1833 3085 1987 3160 initiales
2009 3086 2157 3162 litteras
2197 3089 2262 3164 Li·

412 3195 1260 3367 11889ὲὲιὲἓῖἓὲῙίῐῧὲιζὲδταςτῗῐΐῖἒιῗιιῗὲῐῗῗοίηάε
1273 3290 1396 3376 patet,
1423 3280 1632 3378 eoquodCl.
1652 3278 1813 3354 narizan
1827 3282 1865 3354 in
1890 3280 1959 3373 [nir
1982 3280 2115 3358 Annus.
2146 3281 2261 3359 Litte-

411 3397 477 3459 rnt.
503 3383 598 3457 Teut.
618 3383 663 3458 de
677 3405 720 3456 ea
740 3381 874 3456 nullam
894 3380 1019 3455 habuit
1037 3380 1212 3454 notitiam.
1262 3379 1428 3454 Meminit
1446 3381 1625 3465 alterius,
1653 3383 1746 3475 qu'ae
1773 3399 1868 3456 anno
1900 3400 1991 3476 1413
2023 3404 2070 3456 ex
2097 3381 2261 3461 eiusdem
2362 3437 2378 3450 .-

412 3503 659 3558 cnrcvssnrrar
675 3480 815 3555 officina
830 3481 866 3554 in
880 3481 997 3554 lucem
1015 3478 1155 3574 prodiit.
1175 3502 1184 3510 ·

430 3605 432 3610 ·
515 3580 649 3655 liuilor
661 3579 769 3662 huius
784 3579 901 3676 operis
912 3581 1106 3673 ignoratur.
1144 3573 1184 3648 ld
1200 3573 1304 3648 nobis
1317 3572 1484 3671 scriptum
1507 3574 1668 3671 reliquit,
1699 3573 1742 3654 se.
1760 3589 1973 3672 argumenta
1984 3575 2043 3652 sua
2062 3577 2260 3655 maximam

413 3694 609 3778 pertemere
626 3677 935 3752 Nicolnideuunn
950 3674 1096 3750 trusere
1110 3685 1227 3746 contro
1240 3670 1599 3749 Iudaeosdesumsille.
1638 3673 1741 3748 lllmn
1762 3675 1856 3749 circa
1872 3697 2009 3750 annum
2031 3700 2124 3773 ¹452
2143 3676 2261 3752 claru-

299 3783 302 3792 '
410 3778 470 3855 isse
484 3779 566 3850 inde
579 3777 743 3868 colligere
756 3773 826 3858 est,
857 3775 941 3870 qnia
957 3769 1072 3846 iacobi
1094 3772 1391 3859 deuteronom,
1415 3776 1478 3871 qui
1493 3773 1589 3847 circa
1599 3771 1695 3848 idem
1712 3784 1855 3870 tempus
1869 3773 2044 3862 florebat,
2067 3773 2258 3852 traiiatum

413 3878 452 3953 de
466 3872 612 3950 moribus
635 3871 898 3972 Christianorum
922 3872 1132 3946 adduxerat.

413 4059 487 4158 Vl,
516 4046 1049 4168 lobannisscotisnbtiliffimi
1064 4046 1234 4136 desieris
1247 4045 1411 4157 theologi
1425 4053 1466 4134 in
1480 4069 1670 4160 quartum
1684 4037 2147 4168 librumjenteneiaenin,
2163 4075 2261 4169 optes
2377 4139 2382 4148 ,

525 4169 792 4282 anglicanum,
822 4166 920 4255 Sine
936 4164 1046 4265 loci,
1077 4167 1119 4254 ἃ
1137 4163 1390 4279 typographi
1405 4162 1562 4252 indicio
1579 4192 1695 4252 anno
1716 4194 1841 4280 1474,
1869 4169 1915 4256 in
1931 4167 2128 4283 solmag,

510 4355 613 4429 Haec
628 4352 736 4427 verba
759 4352 867 4426 rubro
880 4347 999 4424 colore
1020 4343 1178 4444 expressa
1205 4343 1243 4419 in
1263 4341 1382 4419 fronte
1395 4344 1514 4440 operis
1526 4345 1620 4420 tituli
1632 4343 1712 4420 loco
1723 4346 1902 4442 leguntur.
1924 4345 2171 4423 Constatillud
2184 4359 2261 4443 288

413 4451 531 4536 soliis,
558 4453 597 4527 tir
609 4453 644 4524 in
657 4450 795 4524 duabus
810 4447 985 4522 columnis
997 4443 1201 4518 charattere
1224 4443 1370 4536 gothico
1385 4444 1575 4518 maiulcolo
1603 4445 1804 4540 impressum
1817 4445 1877 4520 est.
1921 4446 2078 4532 Quaeuis
2090 4445 2263 4524 columna

417 4575 460 4634 51
476 4547 718 4647 complebitur
731 4546 855 4621 lineas.
893 4543 1089 4620 Chartaest
1103 4543 1208 4627 alba,
1229 4543 1267 4618 δι
1280 4541 1406 4627 firma,
1433 4541 1600 4617 chartarii
1623 4541 1739 4638 ignis,
1760 4544 1803 4617 sc.
1818 4543 1903 4630 rosa,
1916 4542 2062 4638 strigili,
2095 4569 2195 4633 vua,
2220 4547 2262 4626 δι

412 4649 598 4735 litteraD,
620 4669 728 4744 quam
741 4644 837 4720 stilus
852 4667 898 4717 ex
912 4641 982 4720 viia
996 4655 1096 4738 parte
1111 4642 1146 4716 in
1161 4641 1360 4728 annulum,
1382 4664 1430 4715 ex
1441 4641 1554 4715 altera
1566 4643 1602 4716 in
1620 4664 1764 4718 crucem
1783 4639 1946 4716 desinens
1957 4639 2070 4729 secat,
2082 4644 2145 4720 ioh
2172 4644 2261 4724 nita.

414 4750 522 4828 Tituli
534 4772 603 4824 nec
623 4742 921 4828 diffinitionibus,
943 4765 1011 4816 nec
1024 4740 1286 4838 quaestionibus
1297 4736 1377 4813 sunt
1392 4740 1552 4836 praefixi.
1588 4741 1746 4816 Litterae
1757 4739 2109 4831 initiales,custodes
2122 4798 2132 4830 ,
2145 4669 2261 4840 igaa-

324 4871 340 4880 ·
413 4862 537 4936 turae,
552 4847 815 4942 &paginarum
829 4842 968 4917 numeri
979 4839 1231 4918 desiderantur.
1269 4838 1388 4914 Prima
1401 4838 1568 4914 columna
1581 4838 1655 4914 solii
1683 4847 1755 4931 286
1781 4835 1943 4916 Iohannis
1963 4839 2261 4940 scotisebtilifflni
2282 4913 2290 4920 ,.

411 4947 553 5024 doeens
571 4943 738 5043 theologi!
760 4945 795 5017 in
809 4952 965 5038 quartam
978 4935 1100 5013 tibrum
1106 4936 1373 5034 sententiarum,
1394 4960 1478 5034 opas
1494 4937 1708 5035 arrglicnnum
1711 4940 1861 5035 feliciter
1882 4942 2029 5037 explicit.
2055 4942 2125 5016 His
2147 4937 2261 5018 subie-

414 5046 510 5121 ttum
524 5047 677 5140 legitur:
705 5039 836 5118 Tabula
851 5041 890 5115 de
901 5037 1016 5115 ordine
1034 5040 1231 5136 questionum
1241 5035 1526 5133 sequitur,quae
1549 5036 1716 5112 columna
1729 5040 1835 5114 tertia
1847 5040 2001 5134 primum
2015 5040 2167 5114 inchoat.
2196 5038 2261 5136 Ati

412 5147 522 5222 finem
534 5143 676 5219 tabulae
690 5141 872 5243 sequentia
886 5139 1074 5218 mnenon
1101 5135 1258 5234 Explicit
1274 5159 1429 5212 numerus
1443 5133 1484 5213 ss
1501 5133 1584 5212 orde
1600 5138 1799 5238 questionum
1815 5135 1914 5214 inies
1933 5139 2043 5236 operis
2064 5135 2171 5214 Anno
2188 5135 2259 5218 &a

414 5241 630 5325 LXXIIH.

2003 5505 2009 5532 ,
2070 5435 2212 5516 Norim·
