5400 6284
437 572 507 662 t
800 586 803 592 ·
1101 617 1103 622 =
1252 557 1578 666 aegaeae
1689 645 1700 674 ,

420 739 424 764 '
481 778 687 839 nsrmasvm.
704 781 812 857 quam
826 759 931 833 tertia
948 756 1115 852 columna
1131 754 1300 855 prologus
1315 760 1458 858 excipit.
1486 747 1712 863 Euangelium
1725 767 1762 848 S.
1776 751 1948 855 Mattiaci
1959 741 2098 858 initium
2113 782 2216 864 sumit
2228 813 2333 889 quar·

482 876 517 937 tr
539 863 699 935 eiusdem
727 860 801 935 folii
814 859 1003 942 columna,
1045 859 1139 930 linea
1155 877 1212 950 24.
1259 857 1391 935 Totum
1408 881 1498 958 opus
1511 863 1701 942 absoluitur
1718 873 1833 967 prima
1849 875 1963 956 vltimi
1975 881 2227 962 folliculumna
2290 894 2333 969 li-

480 983 637 1057 neap-2,
669 960 770 1037 cuius
784 959 892 1035 verba
906 961 994 1033 lraec
1010 954 1114 1030 suut:
1586 1046 1590 1052 ι
1801 1041 1808 1048 ⁸
2247 943 2257 977 ⁹

850 1055 977 1131 Gratia
1001 1055 1127 1129 domini
1147 1054 1247 1153 coslai
1273 1050 1360 1155 siresa
1383 1059 1447 1156 xpi
1469 1085 1542 1134 cum
1567 1062 1719 1138 omnibus
1743 1063 1837 1143 vobis
1860 1093 1968 1145 umen,

479 1159 644 1240 Occurrit
661 1159 719 1234 hic
730 1155 887 1255 quaestio
903 1211 912 1242 ,
931 1156 1012 1330 <luis
1025 1153 1365 1254 typographorum?
1389 1179 1461 1254 quo
1476 1157 1587 1236 loco?
1602 1184 1721 1260 quoue
1733 1188 1829 1241 anno
1844 1165 1935 1244 haec
1949 1169 2067 1248 Biblia
2086 1174 2330 1277 impresserit?
2344 1155 2347 1160 ⁴

479 1256 818 1341 Indubitatumest,
845 1268 884 1329 vt
909 1257 939 1331 C
977 1274 1317 1366 sttrunnaancrta
1341 1254 1376 1328 in
1394 1253 1555 1373 differtus.
1581 1260 1621 1334 de
1652 1259 1779 1340 Bibliir
1809 1265 2018 1343 Germanicis
2042 1279 2187 1350 onrnirtm
2204 1285 2329 1379 primis

476 1384 512 1460 p.
531 1376 575 1451 19
603 1360 674 1434 iam
693 1369 777 1430 ante
794 1378 853 1429 me
868 1352 1145 1437 demonstrauit,
1172 1365 1281 1448 atque
1306 1376 1399 1428 ame
1413 1342 1570 1452 superuis
1594 1357 1676 1434 satis
1692 1362 1970 1442 demonstratum
1986 1384 2097 1465 puto,
2124 1375 2174 1451 D.
2201 1379 2328 1478 Augu.

418 1441 425 1456 ⁸
468 1462 552 1564 flius
566 1456 770 1557 Epsibram
786 1453 854 1530 IV
873 1452 1075 1529 dedoisrinu
1093 1449 1347 1552 Christianaseu
1367 1454 1736 1554 deartepruedicaadi,
1763 1462 1989 1564 solertesque
2010 1465 2048 1544 Sss
2065 1469 2161 1548 loun.
2181 1474 2328 1576 Chryso·

356 1575 363 1592 ‘
467 1562 569 1663 stomi
585 1552 1065 1658 boariliorsaperMattlraeam
1088 1549 1250 1625 asoarme
1265 1572 1479 1627 usuratio
1493 1552 1715 1652 Argentinae
1735 1558 1834 1636 fuisse
1846 1566 1943 1660 typis
1955 1566 2112 1645 excusas.
2137 1573 2179 1648 Si
2202 1576 2252 1649 ita
2279 1601 2326 1654 ue

474 1656 812 1739 litteraeBibliorum
825 1678 907 1729 cum
917 1652 1044 1727 litteris
1055 1664 1178 1726 textus
1193 1650 1419 1726 homiliarum
1431 1659 1783 1751 comparantur,luce
1796 1661 1924 1737 clarius
1938 1679 2047 1760 patet,
2054 1665 2192 1747 litteras
2200 1601 2325 1750 biblio·

472 1783 555 1840 rum
568 1781 650 1834 cum
668 1755 741 1831 istis
754 1754 900 1830 omnino
913 1750 1117 1828 conuenire.
1133 1749 1230 1846 Ergo
1241 1748 1465 1848 perspicuum
1477 1774 1620 1850 quoque
1635 1757 1694 1844 est,
1707 1759 1824 1834 Biblia
1835 1760 1898 1835 ista
1913 1785 1935 1836 a
1948 1783 2172 1858 mantano,
2198 1795 2325 1869 quam·

473 1862 535 1935 diu
546 1856 805 1933 clraratierlbus
823 1854 917 1939 istis,
943 1876 986 1925 eo
998 1849 1114 1924 adhuc
1129 1849 1272 1923 viuente
1288 1849 1400 1962 ,alios
1414 1848 1490 1925 vsos
1503 1851 1625 1938 suill'e,
1651 1857 1790 1952 probari
1804 1875 1981 1956 nequeat,
2003 1862 2101 1939 fuisse
2113 1870 2211 1966 typis
2223 1874 2323 1950 euul-

471 1974 582 2062 gnta,
612 1955 811 2053 &quidem
823 1950 1069 2048 Argentinae,
1094 1972 1178 2025 cum
1191 1947 1292 2024 illum
1304 1948 1375 2023 asro
1387 1951 1424 2024 in
1440 1950 1521 2026 loco
1532 1956 1828 2054 typographicam
1842 1961 2033 2038 exercuisse
2045 1977 2161 2042 artem
2174 1972 2322 2047 omuino
2387 1961 2394 1980 '

409 2065 414 2075 “
470 2059 705 2138 nonconllat
858 2115 864 2134 ‚,

570 2162 651 2247 Quo
666 2178 751 2231 vero
764 2141 863 2230 anno'
884 2152 974 2226 haec
987 2147 1103 2224 Biblia
1122 2149 1159 2224 in
1181 2147 1298 2224 lucem
1310 2148 1526 2248 prodierint,
1553 2174 1632 2226 rem
1644 2151 1835 2241 decidere,
1863 2154 2069 2235 difficultate
2085 2161 2181 2241 haud
2209 2180 2319 2246 caret.
2367 2197 2370 2202 ·

389 2339 392 2350 ¹
470 2263 525 2341 Cl.
547 2275 865 2335 sonosuacrrarvs
892 2253 929 2325 in
948 2246 1085 2324 Vindic.
1111 2260 1190 2345 typo
1216 2304 1225 2322 .
1251 2271 1284 2345 p.
1303 2270 1352 2338 42
1377 2272 1444 2324 nos
1456 2250 1601 2346 quidem
1624 2252 1730 2327 docet
1755 2306 1765 2337 ,
1793 2276 2079 2342 „urnurctrvm
2106 2285 2203 2340 auno
2224 2273 2319 2363 1466

468 2415 491 2454 ,‚
518 2356 638 2440 Bilsia
653 2357 762 2432 satira
781 2352 925 2426 maioris
943 2345 1017 2420 solii
1030 2273 1247 2444 impressisie:
1273 2344 1332 2421 sed
1344 2349 1540 2446 temporis,
1570 2350 1608 2427 dt
1621 2349 1852 2450 imprelsronis
1866 2355 2030 2432 notitiam
2044 2383 2117 2435 non
2136 2361 2248 2458 ipsum
2260 2379 2319 2464 ty·

465 2515 489 2552 „
515 2460 572 2560 pis
584 2451 802 2552 expressisse,
828 2447 1072 2544 caligraphum
1086 2467 1194 2531 vero,
1225 2444 1363 2520 litteras
1380 2447 1572 2544 capitales,
1600 2447 1810 2528 &rubricas
1823 2453 1933 2527 totius
1953 2453 2032 2530 libri
2054 2481 2167 2552 quum
2189 2462 2320 2539 colori·

465 2615 489 2651 „
515 2562 583 2636 bus
595 2554 781 2636 scriberet,
807 2548 896 2624 calci
910 2549 988 2622 eius
1002 2547 1109 2621 rubro
1125 2544 1215 2618 haec
1227 2541 1403 2620 subiecisse
1418 2546 1560 2622 colore:
1587 2545 1650 2622 Ex
1673 2549 1745 2622 licit
1768 2545 1918 2652 siberiste
1936 2577 2025 2630 arao
2041 2555 2185 2634 Domini
2200 2561 2317 2638 sssilse·

463 2713 488 2751 υ
506 2663 592 2764 fimo
604 2651 920 2828 quadringenffmo
930 2643 1135 2746 sexagefimo
1142 2642 1244 2741 sexto
1249 2645 1428 2740 formatus¹
1442 2658 1515 2722 arte
1529 2575 1733 2747 impressoria
1742 2673 1805 2745 per
1817 2647 2033 2728 vcrnrabiscm
2052 2658 2162 2734 virum
2188 2659 2316 2738 lobon·

463 2815 486 2854 „
512 2783 585 2836 nem
601 2749 741 2832 Mareu
755 2753 791 2824 in
842 2750 1009 2848 rgentsnu.

558 2855 633 2933 Sed
653 2854 743 2927 baec
758 2865 1084 2926 scuosrrmmvm
1099 2843 1144 2919 de
1159 2844 1374 2940 germanicis
1386 2843 1513 2921 Bibliis
1531 2865 1778 2924 amuurrrtro
1791 2847 1961 2947 imprelsrs
1971 2850 2070 2950 loqui
2084 2853 2250 2944 voluisse,
2266 2881 2314 2934 es

461 2957 576 3034 totius
599 2952 770 3028 orationis
784 2948 888 3035 serie,
910 2943 1396 3042 &speciminedocumentis
1409 2942 1584 3032 adsumtio,
1597 2949 1742 3044 aerique
1756 2947 1863 3023 inciso
1880 2949 1961 3047 pers
1979 2952 2100 3026 icuum
2114 2954 2173 3030 est.
2217 2957 2314 3034 Cum

460 3058 561 3136 euim
584 3053 630 3128 de
645 3050 765 3126 latinis
778 3071 814 3147 p.
829 3069 878 3143 42
902 3042 1054 3129 disserit,
1083 3043 1130 3118 ad
1154 3042 1311 3118 tabulam
1330 3044 1473 3118 tertiam
1489 3059 1686 3140 prouocat3
1711 3045 1774 3121 isla
1791 3070 1878 3122 vero
1893 3047 1939 3125 Pl
1968 3073 2068 3124 mum
2089 3051 2147 3126 De
2164 3057 2313 3151 prosun-

459 3156 513 3232 dis
527 3157 565 3230 in
579 3154 701 3248 lingua
714 3148 918 3245 germanica
932 3197 942 3231 ,
957 3166 1032 3218 non
1047 3144 1085 3216 iu
1099 3141 1388 3236 latinapxhibet:
1415 3141 1543 3218 deinde
1559 3144 1676 3219 smalis
1687 3145 1814 3219 notitia
1827 3145 1877 3222 est
1887 3147 2027 3243 prorsus
2041 3151 2190 3242 eadem,
2217 3178 2312 3250 quae

456 3256 496 3331 in
509 3253 704 3349 exemplari
717 3245 923 3345 germanico
938 3244 1135 3339 reperitur,
1163 3241 1358 3337 &quidem
1371 3241 1497 3316 eadem
1523 3241 1639 3318 forma
1657 3244 1939 3341 repraesentata:
1963 3247 2109 3322 tandem
2130 3252 2309 3328 charaste·
2446 3313 2450 3320 .

308 3431 310 3436 .
456 3377 516 3430 res
532 3354 611 3432 sunt
627 3352 734 3445 longe
748 3349 914 3429 minores,
928 3364 1037 3440 quam
1050 3340 1179 3437 quibus
1193 3338 1389 3436 praesentia
1399 3339 1478 3414 sunt
1492 3342 1628 3417 excusa.
1651 3344 1708 3415 Ex
1720 3368 1791 3440 quo
1806 3344 2029 3421 manisellum
2045 3347 2103 3433 est,
2117 3373 2308 3427 scriotor.

457 3472 614 3528 murum
629 3450 763 3522 nullam
777 3448 821 3521 de
836 3444 960 3519 Bibliis
973 3440 1214 3536 praesentibus
1226 3438 1380 3512 habuisse
1393 3437 1575 3520 notitiam,
1587 3441 1740 3536 ideoque
1753 3441 1896 3517 dualem
1909 3443 2005 3518 illam
2022 3445 2308 3546 subscriptionem

297 3553 302 3570 “
364 3557 372 3572 ’
454 3544 923 3643 aCalligraphoadietlam,
942 3537 1108 3616 &abillo
1123 3535 1313 3611 addustam
1335 3534 1422 3610 nihil
1443 3538 1649 3631 prorostris
1670 3540 1716 3613 ad
1736 3539 1967 3637 impressionis
1988 3567 2123 3620 annum
2137 3549 2306 3623 determi-

386 3705 388 3710 .
453 3650 614 3724 nandum
628 3644 802 3719 deseruire
815 3641 918 3739 posse,
947 3640 1071 3735 ltaque
1085 3635 1251 3724 aliunde,
1275 3636 1300 3709 li
1312 3659 1386 3711 non
1404 3635 1601 3726 certitudo,
1616 3637 1738 3714 saltem
1752 3638 2015 3716 verisimilitudo
2030 3643 2149 3741 quoad
2161 3641 2305 3746 impres·

347 3741 350 3748 ¹
450 3747 559 3828 donis
576 3759 720 3840 tempus
735 3743 836 3817 nobis
847 3736 1058 3834 inquirenda
1071 3735 1131 3810 est.

546 3846 643 3921 Satis
656 3843 828 3939 superque
841 3834 1217 3912 milridemonstratum
1230 3833 1390 3920 videtur,
1405 3828 1444 3910 S.
1458 3834 1868 3912 nvnvsrrnrtrassatam
1888 3836 1928 3912 de
1942 3852 2014 3913 arse
2027 3842 2243 3938 praedicandi
2264 3846 2303 3926 &

448 3943 488 4024 S.
505 3964 784 4019 cunrsosromr
798 3937 950 4010 lomissns
969 3933 1265 4030 praecedentibus
1280 3935 1439 4007 numeris
1461 3935 1651 4009 recensrtas
1664 3936 1833 4010 iam‘ante
1849 3960 1985 4013 annum
2004 3946 2096 4034 1466
2111 3939 2209 4017 fuisse
2222 3967 2304 4041 pre.

448 4044 485 4120 lo
498 4039 675 4118 submissas
690 4065 699 4131 3
725 4039 775 4114 asi
791 4037 906 4112 Biblia
922 4047 1113 4128 atrumque
1125 4055 1216 4128 opus
1227 4031 1438 4129 praecessisse
1453 4032 1550 4108 haud
1562 4033 1654 4109 sutili
1671 4036 1951 4111 commonstrabo
1966 4040 2116 4115 ratione.
2151 4042 2302 4119 Certum

448 4144 520 4230 est,
546 4164 618 4240 quo
632 4139 767 4235 saepius
780 4160 873 4211 Vnus
889 4188 898 4217 ‚
914 4157 956 4206 ac
975 4132 1071 4205 idem
1084 4147 1193 4228 typus
1205 4132 1251 4205 ad
1264 4131 1541 4228 imprimendum
1554 4132 1761 4230 vsurpetur,
1777 4134 1877 4222 illum
1896 4160 1939 4209 eo
1955 4138 2069 4231 magis
2083 4138 2179 4217 suam
2193 4144 2301 4217 amit·

445 4255 524 4318 tere
536 4242 775 4323 tenuitatem,
800 4232 1014 4327 cralsrusque
1037 4233 1146 4306 verba
1157 4232 1357 4328 exprimere
1376 4283 1386 4317 ,
1411 4231 1590 4317 maxime,
1621 4232 1819 4319 srmaterla,
1848 4259 1892 4307 ex
1909 4258 1979 4331 qua
2005 4237 2197 4313 fabricatae
2219 4239 2302 4316 sunt

392 4359 396 4372 ·
445 4342 623 4423 litterae,
657 4337 774 4413 mollis
787 4334 982 4410 admodum
1007 4327 1071 4417 srt,
1110 4329 1207 4428 quod
1219 4330 1342 4426 primis
1355 4331 1635 4428 typographicae
1648 4332 1736 4406 artis
1757 4336 1998 4430 temporibus,
2030 4338 2158 4431 quibus
2174 4339 2300 4413 chara·
2429 4405 2432 4410 .

447 4440 560 4514 iteres
574 4437 632 4511 vel
645 4460 689 4509 ex
703 4436 837 4517 stanno,
863 4424 921 4507 v'el
934 4433 1031 4526 liguo
1042 4427 1211 4528 sculpsere
1225 4430 1449 4526 typographi,
1477 4429 1610 4505 sallum
1638 4432 1734 4506 lraud
1752 4430 1967 4525 ignoramus
1993 4436 2087 4510 Cum
2104 4437 2298 4536 itaquety-

445 4561 515 4655 pus
530 4533 722 4612 Biblioram
741 4534 887 4631 paulurn
900 4530 1065 4615 tenuior,
1090 4551 1200 4626 quam
1213 4541 1325 4602 textas
1338 4526 1550 4603 bonrisiaram
1567 4528 1606 4610 S.
1625 4528 1842 4630 Cirpsossomi
1854 4532 2002 4628 adparet
2016 4588 2024 4619 ,
2038 4534 2097 4608 illa
2116 4552 2200 4611 ante
2215 4538 2302 4614 illas

444 4661 482 4714 tn
497 4638 615 4713 lucem
632 4631 815 4732 prodiisse,
844 4629 1104 4706 coniicieudum
1116 4629 1194 4702 erit
1244 4626 1357 4701 Haud
1368 4627 1485 4702 inanis
1498 4652 1640 4726 quoque
1657 4629 1857 4703 conieslura
1873 4632 1946 4715 est,
1971 4633 2105 4728 primos
2126 4649 2298 4734 typogra-

443 4736 537 4836 phos
552 4735 765 4832 germanicis
776 4731 901 4808 Bibliis
914 4725 1120 4826 praemisrsle
1134 4727 1269 4820 latina3
1292 4725 1349 4799 sed
1363 4731 1602 4820 germanicae
1615 4749 1828 4803 mantano
1846 4728 1968 4804 saltem
1991 4754 2086 4807 anuo
2116 4749 2210 4830 1400
2236 4754 2297 4835 ty·

291 4835 317 4862 ²
443 4859 500 4937 prs
520 4833 616 4911 luisse
636 4834 827 4928 euolgata,
852 4853 960 4904 nemo
980 4826 1313 4923 Bibliographorum
1327 4825 1487 4902 dubitat:
1512 4828 1624 4901 latina
1647 4849 1733 4922 ergo
1752 4829 1825 4901 iam
1842 4842 1927 4903 ante
1947 4852 2084 4907 anuum
2106 4844 2200 4924 1466
2224 4839 2277 4934 pri

442 4958 542 5011 mam
555 4931 742 5030 adspexisse
761 4931 876 5005 lucem
891 4929 1067 5003 videntur.
1089 4927 1195 5002 Vnde
1214 4978 1224 5011 ,
1248 4923 1339 4999 srita
1356 4923 1390 4998 se
1408 4947 1467 4999 res
1483 4926 1634 5011 lrabeat,
1652 4951 1727 5001 non
1740 4927 1864 5002 ordine
1880 4926 2048 5024 septima,
2072 4943 2112 5006 ut
2124 4956 2145 5006 a
2158 4957 2294 5010 mssa·

314 5095 318 5102 .
347 5033 349 5038 ’
377 5100 383 5114 .
441 5054 614 5118 mortuo,
646 5032 703 5107 sed
723 5031 851 5113 tertia,
885 5043 948 5104 aut
961 5039 1058 5101 certe
1070 5039 1197 5122 quarta
1216 5024 1384 5120 ponenda
1395 5037 1502 5099 erunt
1522 5050 1533 5099 .·
1558 5028 1639 5101 Duo
1658 5028 1755 5101 enim
1781 5026 1840 5100 illa
1864 5026 2060 5126 Mrffirsibas
2083 5027 2212 5107 litteris
2225 5034 2293 5108 im·

439 5133 554 5235 pressa
565 5131 681 5206 nostra
694 5125 927 5229 praecessisse,
956 5147 1030 5202 non
1043 5129 1182 5219 abnego
1194 5147 1205 5217 3
1219 5123 1270 5199 alt
1285 5175 1295 5210 ,
1312 5145 1433 5198 annon
1447 5123 1575 5198 eadem
1587 5123 1797 5222 Mogontiaci
1811 5149 1832 5199 a
1845 5149 1967 5202 rvsro
1990 5151 2086 5203 auno
2103 5138 2196 5225 1462
2223 5133 2292 5206 im·

435 5231 551 5334 pressa
567 5286 578 5323 ,
593 5232 651 5315 rel
659 5228 936 5333 praesumpsi
947 5226 1071 5319 saltem
1082 5226 1212 5312 iisdem
1225 5235 1527 5325 contemporanea
1537 5222 1614 5312 smt,
1632 5223 1736 5306 valde
1749 5224 1983 5306 dubitandum
1994 5228 2083 5305 mihi
2102 5229 2258 5314 videtur.

2178 5427 2240 5504 lls.
