5400 6284
1199 531 1526 644 ᾖ
1650 540 1654 550 ’
2216 571 2286 630 arr
2391 527 2394 532 ’

434 750 628 842 tumea,
651 747 748 827 inter
762 677 969 847 quaerosa,
995 740 1217 824 &litteraD
1237 736 1321 818 cum
1336 739 1463 818 stiloin
1479 739 1658 841 duplicem
1672 737 2203 844 crucemdesmenteadparent
2228 744 2288 824 in·
2356 705 2360 712 Ι
2454 713 2459 722 ’

437 848 703 1028 terppnstiones
717 858 910 924 occurrunt
929 844 1121 944 punitum,
1150 841 1283 931 colon,
1308 840 1648 954 &interrogationis
1662 840 1810 958 fignurp.
1856 841 2147 959 Procdiphtoogis
2160 869 2225 960 oe,
2247 847 2289 926 dt

434 973 478 1027 ue
549 949 666 1050 plere
685 946 902 1022 obseruator.
942 945 1082 1018 Graeca
1093 937 1394 1018 vocabulaomrsrt
1410 941 1657 1038 typographus
1674 993 1697 1027 ,.
1713 941 1835 1018 relrtio
1857 940 1968 1040 spatro
1981 965 2098 1020 moun
2121 997 2133 1029 ,
2158 967 2196 1020 1n
2214 968 2289 1042 quo

438 1049 624 1128 immam
641 1044 746 1122 inseri
760 1043 908 1144 possent
958 1043 1094 1138 Pagina
1108 1039 1257 1138 quaeuis
1282 1056 1331 1135 49
1352 1039 1599 1136 compleiiitur
1611 1040 1733 1116 lineas.
1783 1042 1943 1118 Litterae
1958 1042 2114 1119 initiales
2132 1042 2288 1120 maiores
2406 1111 2411 1118 .

437 1146 586 1224 omnino
609 1143 874 1227 desrderantur,
899 1163 1030 1240 paruas
1052 1162 1139 1216 vero
1153 1136 1369 1236 quandoque
1395 1136 1556 1236 adposuit
1572 1150 1725 1234 typogra
1750 1140 1829 1216 hus.
1881 1139 1975 1216 Tum
1989 1140 2167 1239 epistolis,
2195 1164 2290 1242 quaa
2397 1209 2402 1220 .

435 1245 654 1324 sereomnes
668 1243 735 1319 viri
750 1240 865 1326 noui,
891 1237 1617 1336 unam,autpluresexvitlsenunanorrr
1629 1161 1924 1334 paratietislatine
1938 1239 2292 1328 reddentea,iisdcm

434 1333 870 1518 ρηίιέἱῖῦεζῧὲῃξυῳζίῑίε
884 1337 963 1453 ipsis
977 1337 1189 1514 potdiin'num
1204 1334 1353 1435 praefixi
1365 1335 1446 1413 sunt
1459 1335 1576 1424 tituli,
1600 1337 1788 1435 exquibus
1802 1337 2029 1438 interpretis,
2051 1338 2090 1417 dt
2106 1340 2210 1430 eine,
2224 1365 2289 1420 tu·

433 1463 493 1520 tus
567 1461 654 1518 crtr
734 1462 770 1514 vr
830 1459 1012 1523 ,nomina
1073 1457 1200 1514 camur.
2258 1463 2264 1476 ·

536 1537 699 1616 Primum
710 1537 835 1612 solium
850 1527 1028 1630 occupant
1055 1558 1137 1610 cum
1157 1551 1340 1609 canuam
1363 1531 1508 1630 epistola
1519 1532 1739 1609 dedicatoria
1763 1531 1811 1608 ad
1825 1528 2037 1631 Froner'seum
2063 1537 2289 1615 nrcmnour·
2414 1617 2418 1626 ,

436 1653 557 1714 aurat
573 1636 799 1713 cardinalem
813 1633 1031 1721 senensem,
1057 1645 1135 1708 tum
1149 1634 1338 1710 nominum
1362 1642 1438 1706 tam
1451 1633 1632 1717 virorum,
1666 1632 1713 1706 de
1728 1653 1881 1728 quorum
1899 1631 1976 1708 vita
2002 1634 2144 1729 agitur,
2177 1659 2290 1735 quana
2320 1715 2323 1720 ,
2402 1701 2406 1714 ,

435 1733 673 1832 interpretum
685 1734 806 1818 index,
850 1753 1031 1824 camenus
1056 1731 1199 1828 epistola
1211 1729 1283 1807 line
1303 1730 1438 1816 timulo,
1467 1743 1528 1806 aut
1541 1729 1767 1830 inscriptione
1780 1730 1837 1804 his
1849 1729 1967 1806 verbis
1983 1734 2154 1809 incloat:
2188 1759 2290 1834 canu·
2451 1811 2454 1816 .

374 1829 380 1840 “
437 1853 563 1912 ranas
579 1830 757 1934 Francisec
775 1829 1011 1908 Piceolomiuio
1030 1830 1209 1908 Cardinoli
1224 1827 1359 1931 Seneast
1375 1853 1446 1904 mec
1458 1825 1619 1906 Salutem.
1671 1828 1712 1904 ln
1724 1829 1792 1906 hac
1807 1827 1941 1904 fatetur
1962 1883 1974 1917 ,
1999 1831 2179 1910 taliones
2195 1835 2291 1910 vita·

435 1953 516 2007 rum
529 1954 602 2009 non
615 1953 743 2008 omnes
762 1928 937 2028 pariselse
953 1929 1168 2024 venustatisq
1193 1928 1415 2006 nihiltamen
1434 1927 1648 2024 dignitatem
1671 1927 1988 2004 elseimminutam.
2030 1929 2204 2022 Vtinam,
2232 1935 2304 2010 in-'

435 2031 540 2128 quit,
568 2055 607 2104 ea
620 2029 717 2131 ssent
737 2033 852 2128 gratia
866 2030 1051 2104 translatae
1068 2055 1199 2115 onnes,
1226 2024 1384 2126 quasuut
1406 2029 1556 2126 criptae:
1572 2049 1773 2123 quamquam
1786 2049 1910 2124 magna
1929 2050 2017 2124 parc
2025 2030 2215 2124 faelicitate
2231 2033 2289 2106 ia·
2366 2059 2381 2072 ·

433 2129 525 2226 genii
536 2153 674 2214 eorum,
700 2131 759 2226 qui
771 2129 1009 2228 transtulerunt
1027 2182 1036 2212 ,
1055 2130 1194 2202 nitorem
1212 2127 1354 2203 retinent
1380 2150 1459 2200 uum
1474 2124 1667 2202 &latinum
1679 2137 1875 2222 aeemuuut
1888 2147 2037 2222 :paucae
2052 2127 2214 2220 quaedam
2225 2151 2290 2204 ra-

436 2225 546 2302 diurn
559 2226 824 2313 nasaearanur,
846 2225 1017 2303 reatinae
1023 2225 1109 2324 sunl
1128 2225 1318 2324 duriuscule
1330 2247 1338 2298 :
1341 2222 1406 2324 sed
1421 2220 1542 2321 quibus
1554 2225 1671 2320 gratia
1680 2224 1790 2320 defuit
1801 2225 2014 2320 interpretis,
2036 2247 2148 2299 rerum
2173 2225 2289 2326 digrei-
2314 2281 2318 2286 -
2413 2259 2417 2266 ·
2439 2275 2442 2280 -

435 2335 491 2400 las
513 2323 598 2400 aistis
618 2329 858 2426 estirarninutu.
906 2320 955 2398 Ta
976 2349 1049 2396 uero
1065 2327 1144 2426 ransli
1159 2323 1250 2399 iliam
1264 2324 1338 2398 diui
1356 2322 1416 2398 Pii
1429 2323 1591 2397 auunculi
1613 2320 1893 2420 tuiseulealiam:
1925 2321 2050 2397 trusam
2073 2321 2133 2425 effi
2155 2324 2288 2428 br’stori·
2422 2377 2427 2386 .

435 2425 491 2500 aar
503 2424 794 2508 contemnendam,
819 2424 918 2497 eliam
932 2423 1157 2518 praescripta
1170 2420 1390 2520 irnperiliffrne
1408 2476 1418 2504 ,
1440 2420 1536 2495 modu
1550 2423 1597 2518 fil
1609 2444 1720 2496 uera:
2370 2443 2374 2450 ’
2425 2429 2431 2442 “

530 2522 574 2596 ln
586 2521 706 2598 fronte
719 2522 860 2597 sectandi
875 2519 947 2595 iulii
963 2519 1052 2594 lrauc
1068 2521 1076 2591 l
1102 2531 1235 2614 guntur
1259 2518 1417 2604 impressu
1433 2542 1442 2592 :
1465 2515 1644 2593 Plutarchi
1657 2515 1929 2619 Historiogrnplri
1941 2520 2035 2618 greci
2048 2516 2132 2598 liber
2143 2521 2184 2596 de
2199 2525 2287 2600 oirir

434 2616 639 2722 elarfflnais:
665 2619 703 2695 E
741 2643 814 2694 reco
827 2617 977 2716 sermone
999 2620 1033 2692 in
1050 2616 1211 2692 Latirnnn
1237 2616 1381 2717 &intersis
1398 2617 1617 2712 piurimarnnr
1633 2615 1964 2712 interpretationibus
1977 2621 2127 2695 uirorum
2148 2622 2287 2722 illustri·
2376 2647 2384 2656 ·
2419 2693 2422 2698 .

429 2741 488 2792 aum
505 2719 692 2792 translatus
705 2646 840 2814 incipit.
877 2717 1001 2814 Spatia
1014 2717 1164 2790 duarum
1178 2715 1354 2828 linearum
1368 2738 1482 2788 vacuo
1499 2713 1642 2827 resilio,
1668 2713 1819 2828 Epitlpla
1832 2715 1997 2830 lfdilelplri
2005 2729 2099 2814 poete
2121 2718 2165 2794 Iu
2178 2725 2285 2797 mlum

433 2823 533 2910 atque
543 2818 631 2914 gella
651 2811 768 2914 Thesei
782 2816 848 2890 uiri
861 2813 1026 2914 clurifflnri
1040 2813 1165 2912 Incipit
1169 2815 1331 2910 felicita-r.
1375 2811 1510 2888 nnersa
1524 2815 1685 2888 eiusdem
1698 2813 1772 2887 tota
1785 2836 1938 2910 pagina,
1963 2815 2059 2890 linea
2075 2816 2221 2914 septima
2240 2822 2285 2896 n·

433 2911 530 2988 uitur
544 2913 700 3010 epistola
744 2914 876 2992 Vltima
894 2914 997 3012 primi
1012 2915 1101 2990 tomi
1119 2913 1260 2990 historia
1281 2913 1357 3009 ugit
1370 2911 1416 2987 de
1440 2912 1513 2987 nita
1541 2909 1583 2988 tt
1593 2915 1691 3012 gellis
1703 2909 1840 2988 Luculli
1848 2967 1864 3000 ,
1888 2915 1947 2990 crui
1970 2914 2093 2992 auersa
2111 2916 2188 2994 solii
2208 2940 2285 3019 274

431 3013 585 3112 pagina,
609 3013 704 3087 linea
719 3019 764 3107 36
777 3012 857 3088 finis
871 3013 1078 3112 imponitur.
1135 3111 1143 3126 ·
1201 3111 1210 3129 ο
1260 3108 1308 3127 ..
1579 3099 1584 3110 ,
1802 3110 1810 3124 .
1874 3047 1879 3056 ·
2009 3047 2015 3062 r
2228 3113 2238 3134 .

431 3204 511 3280 aa
525 3107 2284 3304 lltsltlslrltllllsttltlitsrltsllt’fitistiittlltnstfflttitlla

437 3301 618 3402 Veronenfi
630 3307 666 3378 in
679 3307 829 3380 latinum
844 3305 941 3381 versa
955 3306 1013 3380 eli.
1064 3304 1221 3379 Primam
1237 3305 1402 3400 paginam
1423 3304 1627 3400 interpretis
1646 3305 1771 3400 implet
1791 3305 1943 3400 epistola.
1985 3331 2191 3384 ciceronis
2207 3315 2284 3388 vita

457 3421 497 3476 er
509 3397 724 3477 bouarium
738 3403 1077 3478 aanrruunr'latine
1093 3401 1232 3477 reddita
1251 3399 1373 3476 auersa
1384 3398 1460 3474 solii
1479 3415 1545 3494 138
1567 3401 1721 3496 pagina,
1740 3402 1836 3476 tinea
1848 3428 1891 3494 25
1910 3404 2146 3493 terminatur,
2172 3432 2282 3504 quam

430 3421 517 3576 solio
531 3498 692 3597 sequenti
710 3501 843 3575 Donati
858 3524 1051 3577 accraronr
1065 3500 1207 3598 epistola
1220 3500 1255 3574 in
1270 3520 1475 3574 numerari
1487 3498 1599 3572 vitam
1613 3497 1756 3595 excipit,
1769 3519 1862 3598 quae
1878 3499 1952 3575 fine
1972 3502 2102 3590 titulo,
2129 3520 2193 3581 aut
2215 3533 2282 3583 no·

429 3597 528 3675 mine
545 3599 751 3696 interpretis
773 3599 930 3675 inchoat.
945 3601 1099 3674 Tamum
1120 3596 1311 3674 secundum
1325 3597 1458 3671 claudit
1484 3598 1555 3671 nita
1572 3594 1688 3672 Caroli
1707 3596 1842 3696 Magni
1859 3601 2024 3702 elarilfinn'
2040 3605 2107 3677 uiri
2128 3602 2166 3678 E
2182 3631 2281 3702 greco

423 3693 574 3794 samone
595 3698 632 3774 iu
644 3699 787 3774 latinum
801 3698 868 3774 Per
882 3697 1057 3773 Donatum
1074 3696 1285 3774 Acciaiolum
1310 3691 1504 3771 Translata.
1541 3695 1665 3782 inepte
1678 3694 1810 3790 positus
1823 3697 1873 3774 est
1888 3698 2105 3784 hictitulus,
2133 3708 2281 3804 cumip-

432 3791 467 3868 se
485 3793 645 3872 Donatus
659 3797 698 3872 in
710 3795 854 3893 epistola
866 3797 961 3872 vitae
974 3796 1132 3894 praelixa
1149 3815 1216 3869 nos
1235 3797 1387 3879 doceat,
1412 3791 1447 3868 se
1461 3817 1507 3868 ex
1519 3791 1754 3892 plurimorum
1770 3795 1814 3868 de
1830 3795 1902 3871 vita
1915 3817 2053 3876 caron
2072 3798 2129 3876 M.
2140 3799 2281 3904 scriptis

429 3911 474 3964 ea
492 3891 684 3988 collegite,
709 3893 875 3992 quaesibi
892 3894 985 3982 fide,
1013 3892 1236 3972 &memoria
1256 3895 1363 3990 digna
1374 3892 1478 3981 sunt,
1505 3907 1717 3970 conantem
1736 3892 1903 3972 eamdem
1929 3919 1951 3970 e
1964 3917 2093 3992 graeco
2116 3898 2279 3978 sermone

427 3991 931 4165 mansurpissehdiTerminutur
944 4007 1061 4069 totum
1074 4015 1164 4091 opus
1178 3991 1294 4090 prima
1306 3993 1381 4068 solii
1394 4005 1465 4086 238
1481 3991 1638 4091 pagina,
1666 3993 1762 4069 linea
1786 4017 1834 4074 22
1852 3995 1939 4093 quin
1955 3999 2139 4093 quaedam
2161 4001 2280 4077 finum

426 4101 555 4166 uotttra
582 4101 643 4163 rta
706 4101 755 4165 tu.

530 4185 651 4264 Editio
663 4183 829 4288 praesens
844 4184 1003 4264 adultam
1014 4186 1099 4264 licet
1113 4185 1284 4282 glorietur
1302 4181 1483 4273 aetatem,
1509 4185 1706 4284 principem
1727 4195 1850 4264 tamen
1873 4187 1994 4265 locum
2008 4190 2070 4268 abi
2083 4193 2276 4269 attribuere

424 4284 574 4364 omnino
588 4287 734 4385 nequit,
762 4285 938 4372 camilla,
963 4308 1072 4382 quam
1102 4284 1288 4361 isdolricus
1314 4303 1397 4358 nan
1411 4285 1551 4360 Romae
1571 4286 1666 4360 circa
1690 4301 1828 4378 annum
1854 4309 1948 4383 ¹470
1968 4293 2065 4386 typis
2083 4292 2277 4386 euurlgaue·

423 4397 503 4470 ret,
526 4383 739 4482 praeceffisse
754 4409 801 4460 ex
825 4385 880 4460 Cl.
893 4406 1116 4464 annianum
1135 4383 1246 4458 Calas.
1265 4380 1364 4457 Rom.
1377 4381 1475 4457 Edit.
1490 4383 1634 4460 constat
1687 4381 1851 4459 Nostram
1872 4405 1959 4460 vero
1978 4411 2052 4464 non
2065 4387 2172 4488 longo
2223 4393 2276 4466 ost

427 4485 703 4576 temporcillam
714 4481 812 4560 sulse
830 4480 1008 4568 secutam,
1039 4499 1146 4558 notae
1160 4482 1317 4556 summae
1329 4481 1513 4556 vetustatis
1528 4478 1631 4579 supra
1648 4481 1840 4558 recensitae
1860 4481 1943 4559 satis
1955 4485 2151 4566 declarant.
2189 4414 2275 4578 icio,

425 4575 616 4674 equidem,
641 4579 696 4656 ct
719 4575 1033 4656 souuuuounrvrn
1057 4585 1095 4656 in
1114 4575 1285 4676 Obstruct.
1308 4600 1344 4673 7.
1361 4577 1467 4654 Diob.
1488 4581 1642 4678 praelim.
1660 4581 1708 4655 ad
1738 4604 1820 4680 opus
1843 4580 1947 4660 Card.
1975 4607 2130 4668 curatur
2149 4587 2188 4662 de
2203 4605 2272 4688 opt.

417 4671 540 4848 sit*
553 4675 1330 4852 ‘sl,tlltlltlstlttltl‘tltl
1340 4699 1404 4876 ⁹15³
1408 4677 1619 4869 {intimi
1631 4693 1800 4864 illst
1802 4681 2274 4878 tltsttllltltntt

535 4827 547 4862 r
918 4829 928 4850 ·
1258 4832 1266 4850 ·
1331 4835 1338 4852 ·
1379 4834 1388 4851 ·
1467 4831 1477 4864 u
1605 4834 1614 4852 ·
2053 4840 2062 4858 ·
2259 4843 2271 4862 0

421 4893 458 4972 p.
473 4892 523 4966 49
550 4871 652 4947 illum
666 4832 779 4948 armti
790 4873 985 4948 admodum
999 4875 1219 4970 argumentis
1233 4873 1444 4951 refutarunt.
1480 4873 1657 4974 Inprimis
1672 4875 1854 4970 Hauianae
1869 4879 2035 4954 editionis
2054 4891 2177 4958 tomus
2200 4893 2272 4962 nri·

419 4991 504 5046 mus
517 4969 602 5046 solia
621 4990 718 5064 ²9⁴·
742 4969 879 5046 nostrae
896 4994 982 5047 uero
997 4996 1069 5072 274
1086 4971 1341 5070 completiitur.
1377 4973 1468 5049 Dein
1481 4986 1592 5072 typus
1611 4975 1696 5050 licet
1708 4974 1745 5048 in
1761 4989 1910 5074 utraque
1922 4977 2165 5068 romanussrt,
2192 4961 2272 5059 ini·
2424 5073 2427 5078 ¹

419 5089 466 5144 us
478 5081 602 5163 tamen
619 5068 664 5142 ab
678 5067 791 5144 altero
803 5091 934 5165 magna
948 5071 951 5078 '
964 5071 1013 5148 est
1025 5071 1220 5148 diuersrtas.
1270 5071 1411 5149 Tertii:
1438 5073 1605 5169 legantur
1619 5073 1656 5147 in
1672 5074 1787 5172 prima
1807 5073 1855 5150 illi
1873 5073 2021 5153 vadus:
2042 5077 2158 5176 Anser
2183 5079 2270 5158 Tar·

416 5163 489 5264 prii
501 5165 684 5264 custcsdm.
710 5187 862 5264 quorum
881 5166 1037 5266 superius
1051 5171 1086 5246 in
1101 5195 1193 5249 nunu
1206 5191 1357 5272 operum
1371 5169 1601 5268 descriptione
1612 5173 1832 5247 mentionem
1845 5174 1937 5261 feci,
1986 5175 2270 5279 uiinalterape·

372 5295 374 5300 ·
423 5261 524 5340 ciuis
534 5262 787 5346 desudemntur.
820 5265 1194 5368 Tundeminromana
1204 5269 1492 5350 ffldonennllus
1510 5271 1657 5352 omnmo
1671 5271 1820 5364 uldin,
1842 5285 1906 5352 aut
1929 5275 1938 5291 ‘
1980 5279 2104 5379 criptio
2123 5279 2268 5376 impres·

1671 5387 1694 5396 ’“
2175 5379 2211 5452 sa
