5400 6284
530 1002 666 1112 Libri
691 1003 803 1107 anni
836 1034 956 1107 nota
982 996 1234 1124 instruiii,
1267 1001 1326 1105 dc
1355 997 1418 1103 ab
1446 1036 1578 1103 anno
1615 1001 1753 1136 1468
1791 1038 1944 1146 vsque
1977 969 2216 1142 ad1479
2273 954 2283 964 a
2349 1123 2352 1128 ,

1295 1139 1481 1256 imprcffi.

992 1491 1187 1621 fanno
1224 1545 1678 1625 nccccnxurrr.
1819 1564 1821 1567 ⁷

405 1735 409 1745 '
451 1723 912 1943 Meditationppvitaef,
927 1726 979 1923 1&
996 1721 1189 1841 paffionis
1208 1723 1296 1813 lesu
1318 1722 1480 1814 Christi.
1527 1673 1825 1862 Augustaeper
1839 1723 2111 1815 Guntherum
2126 1727 2301 1846 Zepner·

456 1865 954 1954 -·an.14.1no.
2231 1864 2235 1870 ·

300 2015 331 2052 ·'
392 2084 394 2087 ,
449 2025 652 2193 Integrum
667 2025 841 2121 hocopus
856 2047 901 2120 71
916 2021 1177 2099 ioliisconstat:
1204 1986 1348 2098 chartae
1361 2021 1513 2107 densae,
1534 2008 1659 2112 albae,
1683 2046 1726 2099 aa
1739 2024 1872 2101 nitidae
1887 2038 1976 2126 typo
1989 2027 2143 2125 gothico,
2163 2028 2296 2128 &per-

511 2124 690 2215 eleganti,
711 2145 819 2218 quem
838 2122 958 2196 tabula
971 2121 1012 2194 ll.
1026 2121 1070 2195 N.
1086 2124 1145 2198 lV.
1159 2122 1327 2207 exhibet,
1349 2120 1560 2218 impressum.
1581 2115 1804 2199 ,charnuarii
1827 2117 1965 2222 fignum
1978 2128 2057 2204 sunt
2069 2128 2189 2208 claues
2200 2128 2294 2204 duae

367 2277 374 2297 t
451 2220 659 2296 decullatae.
711 2222 950 2314 Signatum,
971 2219 1154 2305 custodes,
1175 2219 1212 2296 de
1226 2221 1436 2316 paginarum
1450 2222 1589 2294 numeri
1609 2220 1875 2298 desiderantur:
1900 2223 2038 2300 litteras
2062 2227 2216 2302 initiales
2235 2235 2295 2301 ru·

361 2378 367 2391 ,
405 2392 407 2395 ,
440 2320 515 2392 uro
529 2317 833 2414 coloreadscripsrt
847 2317 1093 2412 calligraphus.
1125 2318 1420 2414 interpunftionis
1432 2316 1530 2413 signa
1542 2318 1771 2396 obstruantur
1789 2320 1983 2420 pandum,
1997 2324 2163 2401 &coma
2176 2324 2295 2410 Quae·

261 2453 265 2468 ,
297 2432 300 2438 ’
450 2418 507 2491 nis
519 2418 648 2514 pagina
664 2439 708 2510 35
726 2413 969 2513 complet'titur
980 2415 1106 2489 lineas.

550 2516 709 2591 Primum
723 2514 847 2591 folium
860 2514 1089 2589 materiarum
1103 2512 1212 2587 index
1231 2524 1402 2610 occupat,
1425 2535 1532 2609 quem
1555 2512 1708 2591 secundo
1725 2516 1810 2592 folio
1824 2518 1958 2615 absque
1984 2517 2089 2593 titulo
2108 2551 2131 2603 ‚0
2151 2531 2215 2593 aut
2239 2522 2295 2597 in·

450 2610 638 2708 scriptione
652 2612 822 2711 prologus
841 2612 996 2708 excipit,
1021 2611 1123 2685 cuius
1137 2609 1276 2685 initium
1290 2613 1339 2685 ita
1352 2610 1476 2686 sonat:
1503 2610 1598 2686 Inter
1618 2615 1688 2688 alia
1707 2617 1870 2690 virtatem
1884 2615 1925 2692 in'
1934 2618 2072 2690 landam
2084 2620 2246 2713 preconia
2255 2618 2295 2692 de
2357 2679 2371 2692 ,

353 2808 362 2818 ,
390 2785 398 2794 ,
452 2708 631 2811 beatiffinna
644 2712 774 2809 uirgine
799 2711 911 2785 cecilia
924 2710 1150 2807 legiturqnod
1171 2712 1377 2805 euangelium
1393 2711 1503 2880 amyli
1517 2708 1884 2818 semper'absconditam
1910 2713 2071 2814 portabat
2088 2711 2133 2810 ,in
2156 2716 2295 2814 penore.

451 2809 532 2884 Post
545 2832 657 2906 pauca
670 2809 800 2886 deinde
821 2808 962 2907 pergit:
984 2806 1102 2885 Simh
1115 2804 1178 2882 tibi
1182 2806 1310 2904 suadeo
1316 2811 1434 2904 facien
1459 2833 1534 2893 nm,
1550 2807 1655 2907 saper
1670 2814 1781 2885 omnia
1795 2813 2132 2912 namqnespiritnaiis'
2143 2817 2296 2891 exercicii

442 2906 557 3008 studia
578 2907 638 2981 hoc
661 2910 770 3006 magis
788 2908 996 3007 neceffarinm
1012 2904 1178 3003 magisque
1200 2908 1387 3004 prostratum
1402 2906 1497 2982 credo
1527 2905 1568 2981 id
1577 2907 1668 3002 qaod
1683 2909 1731 2983 ad
1739 2909 1830 2983 excel
1853 2935 1944 2983 orem
1952 2913 2097 3007 gradum
2118 2914 2301 3009 perducere,
2332 2909 2342 2936 ‘⁵

448 3006 568 3105 iwffii·
599 3005 775 3103 Nusquam
787 3009 872 3081 enim
890 3007 1037 3080 inuenies
1053 3003 1164 3105 obiſse
1175 3004 1286 3079 doceri
1297 3018 1415 3080 tantm
1426 3028 1515 3080 vana
1528 3002 1753 3081 blandimenta
1761 3031 1807 3106 po
1831 3031 1859 3078 rr
1876 3006 1917 3082 &
1927 3010 2076 3094 caduca,
2101 3010 2155 3083 Et
2175 3025 2296 3086 cantra

453 3100 690 3184 tribulationes
704 3097 745 3180 Β
763 3102 902 3203 aduersa
925 3116 1042 3180 tantm
1063 3103 1105 3179 ho
1130 3106 1199 3177 ium
1224 3116 1458 3199 temptamenta
1474 3101 1515 3178 fd
1528 3105 1615 3178 nicia
1624 3107 1716 3219 stent
1738 3106 1775 3178 in
1787 3108 1861 3179 uita
1885 3105 2012 3178 domini
2025 3105 2112 3203 ihesu
2128 3132 2191 3202 que
2216 3109 2295 3205 snit
2393 3159 2414 3182 1

295 3203 308 3214 “
382 3245 385 3256 ·
453 3200 958 3319 absqaedesetiaperfetiiffma.
971 3202 1041 3278 &a
1119 3201 1210 3275 rima
1228 3203 1357 3298 pagina
1368 3203 1463 3278 tertii
1482 3200 1579 3287 folii,
1610 3201 1703 3277 hnea
1726 3202 1988 3298 vndeugesrma
2003 3201 2160 3302 Explicit
2179 3208 2295 3303 prola·

452 3325 539 3399 gns,
566 3318 609 3376 a'c
625 3301 831 3377 immediate
849 3324 887 3378 tn
900 3300 1027 3377 eadem
1039 3299 1133 3375 linea
1153 3299 1329 3397 sequitur:
1360 3300 1401 3375 de
1413 3299 1684 3375 meditationibus
1695 3326 1807 3386 eornm
1827 3324 1889 3396 que
1895 3300 2114 3399 precedebant
2139 3304 2296 3378 incarna-

313 3474 317 3481 .
409 3443 412 3449 ·
453 3402 588 3476 cionem.
615 3397 787 3497 Etprimo
799 3399 839 3473 de
842 3399 989 3500 stillicita
998 3424 1063 3497 pro
1077 3396 1171 3473 nobis
1182 3401 1303 3473 interce
1326 3425 1406 3474 rone.
1464 3400 1583 3474 Prima
1610 3398 1684 3473 folii
1703 3421 1744 3496 53
1763 3402 1916 3571 pagina,
1939 3399 2034 3475 linea
2049 3411 2095 3489 28
2116 3401 2162 3475 ad
2186 3402 2297 3479 linem

319 3543 323 3550 ·
455 3498 641 3579 deducitur
652 3498 838 3573 meditatio
852 3499 890 3572 de
903 3500 971 3584 iis,
995 3522 1079 3595 qaae
1095 3494 1286 3595 horasexta
1309 3496 1350 3573 tt
1363 3521 1452 3578 nona
1465 3497 1653 3594 contigere:
1675 3517 1797 3572 aneta
1817 3520 1904 3573 vero
1920 3521 2032 3574 vacua
2045 3498 2106 3575 est.
2122 3501 2230 3575 Dein
2242 3500 2299 3574 fo-

454 3596 502 3671 lio
521 3620 565 3693 54
588 3596 712 3693 incipit
736 3598 920 3672 meditatio
933 3597 1077 3672 demota
1098 3597 1228 3669 domine
1251 3598 1471 3769 neptre‘iaxta
1489 3620 1615 3670 crucem
1635 3597 1726 3670 circa
1749 3594 1865 3672 horam
1879 3595 2109 3695 uespertinum.
2160 3596 2297 3676 Aueria

370 3779 381 3792 .
411 3724 413 3727 ·
455 3693 530 3769 folii
543 3705 588 3788 ⁶3
614 3692 874 3791 paginadenuo
889 3718 1001 3772 vacua
1017 3696 1188 3791 adparet,
1220 3694 1263 3771 'dt
1290 3696 1436 3791 equenti
1457 3695 1542 3769 sulio
1563 3694 1688 3790 incipit
1699 3695 1885 3769 meditatio
1904 3694 1950 3767 de
1964 3694 2089 3769 ostana
2100 3693 2176 3771 lesu
2192 3697 2299 3773 Chri·

456 3793 497 3868 iii
507 3793 749 3889 adpetitione,
776 3796 878 3869 cuius
892 3794 1016 3869 titulus
1029 3794 1075 3867 ad
1096 3794 1220 3891 prioris
1244 3794 1318 3869 folii
1333 3794 1469 3892 primae
1488 3793 1639 3893 paginae
1652 3792 1762 3869 finem
1782 3791 1958 3889 legendus
1971 3792 2031 3869 est.
2074 3789 2135 3868 Aa
2159 3796 2297 3874 calcem
2329 3882 2341 3898 ,

458 3892 577 3990 operis
604 3890 758 3987 legitur:
911 3952 916 3960 .
1306 3913 1311 3918 ·
2146 3893 2147 3898 ‘

509 3994 511 3998 ’
633 4072 664 4090 χ,
697 3988 889 4089 linpeeffam
914 3993 956 4091 esi
982 3987 1042 4063 hoc
1053 3986 1186 4087 presens
1199 3985 1390 4087 opusculum
1417 3988 1454 4063 in
1472 3991 1613 4089 augusta
1632 4014 1697 4088 per
1721 4014 1770 4065 me
1789 3984 1988 4065 Gintiernm

694 4089 816 4164 ditium
838 4088 971 4184 Zepner
994 4088 1034 4162 de
1058 4089 1255 4186 rentlingen.
1283 4088 1336 4161 iiii
1359 4087 1445 4184 ydus
1468 4088 1596 4162 marcii.
1623 4087 1728 4164 Anno
1755 4085 1816 4162 Lx
1843 4085 1969 4163 adano.

551 4187 635 4269 Hoc
650 4189 803 4285 primurn
816 4187 865 4261 est
878 4197 972 4286 opus
983 4185 1163 4283 Augustae
1176 4184 1378 4282 impreliurn
1394 4241 1403 4271 ,
1428 4209 1476 4261 ex
1491 4208 1564 4282 quo
1578 4188 1681 4262 nabis
1703 4199 1779 4261 tam
1794 4185 1915 4272 locus,
1941 4191 2050 4282 quam
2065 4183 2301 4283 ‘impreffionis

319 4327 327 4336 ν
458 4311 575 4363 annus
602 4340 613 4375 ,
645 4309 688 4361 ac
711 4288 956 4384 typographus
972 4285 1168 4362 innotescit
1221 4284 1309 4359 Eius
1338 4284 1447 4360 editio
1472 4284 1604 4361 merito
1633 4283 1811 4363 rariffimis
1839 4287 2123 4370 adnumeratur,
2150 4306 2232 4359 cum
2260 4287 2301 4363 dt
2334 4319 2338 4324 ·

405 4369 415 4404 *
458 4382 795 4483 Bibliographdrum
816 4386 992 4483 principes
1004 4386 1169 4459 eamdem
1195 4381 1415 4478 ignorarunt.

562 4484 735 4569 Quisnam
749 4484 1020 4563 meditationum
1034 4484 1177 4557 istarum
1200 4477 1403 4567 srtauiior,
1426 4479 1581 4557 multum
1593 4478 1785 4577 disceptare
1799 4477 1894 4554 nolo.
1929 4479 2301 4564 Cl.aaer1vsinsuis

460 4592 474 4653 t
521 4581 700 4679 ographiae
717 4580 860 4678 August.
882 4578 1078 4655 Annalibus
1107 4581 1172 4655 has
1193 4576 1338 4654 lionae
1362 4578 1407 4655 de
1419 4601 1576 4656 xantus
1600 4578 1730 4653 scilicet
1754 4599 1816 4652 eas
1841 4601 1923 4652 cum
1934 4577 2034 4654 libris
2046 4580 2091 4654 de
2114 4581 2301 4658 imitatione
2359 4667 2363 4674 ‚

465 4605 586 4779 (iitifli
610 4680 832 4776 confundens
860 4679 1076 4756 adiudicauit
1088 4701 1099 4771 ;
1130 4676 1190 4751 sed
1211 4688 1372 4753 errorem
1393 4676 1496 4753 suum
1514 4677 1553 4756 in
1570 4676 1664 4756 Bibi.
1677 4675 1761 4775 sum
1781 4673 2083 4774 Memorabil.rp.3
2112 4700 2135 4775 p
2165 4679 2301 4757 diluere

460 4777 601 4853 studuit.
659 4778 700 4854 ln
726 4778 833 4853 nostri
856 4778 1069 4874 exemplaris
1097 4776 1215 4850 fronte
1236 4774 1363 4860 titulus
1382 4777 1526 4872 quidem
1552 4776 1691 4851 adfixus
1713 4775 1793 4849 est:
1834 4774 1915 4851 Nic.
1935 4699 2160 4876 Dinctetinlt
2185 4778 2303 4884 Medi·

461 4878 605 4950 tntioner
624 4879 713 4951 uitae
731 4874 859 4977 Chr'ssi.
914 4874 979 4951 Ast
994 4898 1061 4951 net
1080 4895 1292 4949 raanrcrvs
1308 4873 1348 4949 in
1362 4872 1456 4950 Bibl.
1481 4873 1607 4972 Ecclefi
1631 4897 1699 4948 nec
1712 4895 1832 4948 cavata
1855 4873 2017 4950 historiae
2041 4874 2301 4956 Ecclesraliicae
2397 4930 2399 4933 ι

461 4972 669 5070 scriptorum
694 4978 945 5067 continuator,
979 4992 1255 5067 aeconomus,
1286 4996 1357 5053 aaa
1374 4972 1594 5056 allieasdem
1615 4993 1908 5053 nrucrnasurua
1937 4972 2162 5074 composuille
2185 5029 2196 5063 ,
2221 4998 2301 5056 me·

459 5083 615 5152 morant.
815 5152 820 5156 .
1670 5117 1673 5122 ’
1764 5107 1770 5114 ·

2104 5350 2250 5442 Anno
