5400 6284
1047 599 1062 612 ··
1167 572 1492 711 2⁸⁹ssss
1555 553 1626 712 ’,
1860 685 1867 698 „
2093 611 2096 620 ·
2206 606 2252 706 ,³³
2352 614 2374 629 s

313 718 316 738 .
396 736 805 1000 xxm-Huglnl}
830 784 884 878 de
910 782 1166 884 Prato'Ocd.
1182 782 1370 882 Praedic.
1396 784 1615 875 Sermones
1638 781 1911 876 dominicales
1940 814 2012 904 per
2030 804 2170 873 rorum
2187 810 2261 875 an·
2430 868 2445 882 ,

517 930 768 998 mmmo
944 985 951 1000 x
2321 931 2323 938 ’
2445 965 2448 974 2

495 1081 581 1160 Hoc
593 1080 824 1179 amplissimae
836 1081 943 1158 molis
958 1082 1128 1158 volumen
1145 1078 1230 1156 folia
1246 1100 1319 1176 477
1343 1077 1610 1176 complectitur,
1636 1079 1762 1154 litteris
1783 1081 1910 1154 iisdem
1928 1136 1939 1167 ‚
1959 1077 2086 1177 quibus
2103 1099 2258 1154 ovnau·
2339 1151 2345 1160 ,
2385 1151 2388 1158 .

391 1202 437 1261 nr
456 1179 639 1257 Rationale
654 1180 813 1277 superius
825 1180 1063 1268 moenitum,
1087 1178 1286 1277 expressum
1300 1178 1358 1253 est.
1405 1178 1540 1251 Charra
1556 1178 1606 1252 est
1630 1180 1730 1253 tuma
1748 1181 1967 1260 admodum,
1994 1177 2051 1253 sed
2064 1181 2185 1255 minus
2207 1179 2258 1254 al·

391 1279 460 1366 ba,
485 1281 523 1357 dc
566 1282 673 1366 olim,
699 1280 832 1377 duplici
847 1281 1013 1356 chartarii
1036 1278 1134 1374 signo
1144 1277 1333 1373 insignita,
1367 1274 1497 1350 scilieet
1521 1299 1657 1365 cruce,
1688 1278 1726 1353 &-
1749 1281 1865 1373 capite
1884 1278 2027 1353 bouino.
2069 1279 2260 1375 interpun·
2278 1339 2285 1370 -.

349 1393 352 1400 ·
389 1377 516 1454 &ionis
530 1303 670 1471 tignum
682 1375 794 1451 solum
809 1380 959 1475 adparet
983 1378 1164 1474 punitum.
1218 1375 1377 1450 initiales
1392 1375 1532 1449 litterae
1549 1428 1558 1457 ‚
1577 1375 1763 1462 custodes,
1790 1375 2013 1470 lignaturae,
2051 1401 2094 1449 ac
2110 1380 2255 1472 pagina·
2306 1450 2311 1459 ,
2409 1447 2412 1452 .

389 1498 472 1551 rum
489 1477 631 1550 numeri
646 1475 900 1551 desiderantur.
939 1475 1125 1551 Lineaein
1140 1476 1266 1572 quauis
1282 1475 1412 1569 pagina
1428 1473 1664 1569 quadraginta
1679 1474 1900 1549 exhibentur.
1940 1476 2134 1549 Sermones
2152 1473 2255 1547 inlu·
2318 1513 2338 1544 ,ι

390 1574 524 1671 periuri
537 1574 700 1668 margine
714 1573 844 1648 litteris
864 1575 1072 1670 capitalibus
1084 1572 1163 1648 sunt
1175 1570 1332 1648 indicati.¹
1385 1571 1629 1645 Praemitritur
1648 1574 1746 1665 operi
1761 1572 2004 1668 alphabeticus
2024 1587 2113 1646 rnatu
2122 1572 2254 1666 riarum

314 1677 333 1721 ’-
392 1670 533 1757 index,
559 1695 691 1746 nouem
705 1686 898 1748 contentus
911 1665 1013 1746 foliis.
1063 1671 1184 1748 Prima
1197 1671 1271 1746 folii
1292 1669 1422 1743 decimi
1434 1671 1564 1765 pagina
1579 1670 1616 1743 in
1628 1670 1752 1745 ironte
1762 1672 1913 1764 legitur:
1942 1670 2113 1766 incipiant
2124 1672 2254 1768 sermo·

297 1851 301 1858 ¹
387 1793 445 1843 nos
461 1767 675 1844 dominicales
678 1769 783 1869 super
803 1774 978 1868 euangelia
993 1767 1034 1847 ij
1047 1770 1196 1872 epistolas
1216 1794 1278 1867 prr
1300 1780 1407 1841 totum
1428 1793 1552 1842 anunm
1568 1767 1650 1842 editi
1661 1772 1806 1864 usrotre
1821 1769 1950 1865 ingone
1972 1770 2010 1841 ric
2030 1785 2133 1866 prato
2147 1768 2253 1842 ordi·

386 1866 719 1965 nisprcdicatornm.
772 1869 844 1945 His
857 1867 1030 1945 sublatius
1043 1869 1092 1944 est
1104 1869 1271 1967 prologus
1286 1921 1295 1948 ‚
1313 1866 1415 1940 lineis
1439 1890 1484 1961 25
1514 1867 1703 1951 constans,
1729 1890 1835 1962 quem
1849 1866 2056 1942 immediate
2070 1869 2105 1940 in
2125 1868 2253 1942 cadem

296 2056 298 2060 Ι
387 1956 522 2063 pagina
568 1965 825 2064 rImusexcipit
844 1965 969 2043 sermo.
1022 1966 1255 2062 lstumprIma
1271 1964 1345 2039 folii
1368 1966 1562 2061 repagina,
1585 1965 1679 2039 linea
1696 1987 1739 2061 35
1771 1964 1925 2060 sequitur
1950 1963 2067 2039 Sereno
2084 1965 2252 2063 secundas

386 2062 427 2136 de
441 1989 587 2239 eemylollz.
611 2063 672 2140 Ad
685 2065 819 2141 calcem
833 2068 952 2164 operis
967 2062 1148 2163 sequentia
1162 2065 1329 2160 leguntur
1347 2086 1356 2134 :
1382 2059 1757 2160 Explicinntftrnronec
1772 2063 1983 2137 dominicales
1989 2062 2094 2162 snper
2109 2087 2251 2162 euange-

385 2163 435 2236 lia
504 2163 606 2254 epl'us
615 2188 678 2263 per
692 2174 798 2237 totum
811 2167 1073 2260 annnmsrntris
1087 2164 1229 2261 ingonis
1241 2161 1279 2235 dc
1290 2172 1393 2258 proto
1411 2163 1538 2235 ordinis
1554 2161 1814 2256 predicatorum.
1908 2179 1928 2238 ,’
2104 2209 2118 2220 -

487 2258 783 2358 Hngodrenuco
806 2264 851 2339 ab
866 2262 1027 2357 origine,
1044 2265 1082 2342 u
1095 2262 1266 2360 quamdiu
1280 2262 1444 2341 vixerat,
1470 2260 1520 2333 ita
1533 2258 1645 2333 ditius
1670 2314 1680 2343 ‚
1709 2260 1764 2333 his
1784 2281 1869 2333 vero
1883 2258 2131 2356 posterioribus
2153 2258 2250 2335 secu·

383 2354 429 2433 tis
445 2356 492 2432 de
505 2357 752 2456 Protostorido
767 2358 875 2455 vulgo
889 2375 1124 2457 nuncupatus,
1138 2454 1140 2457 Α
1152 2358 1309 2435 etruscus
1322 2358 1411 2440 luit,
1432 2356 1681 2435 &Florentiae
1699 2358 1734 2432 in
1760 2359 1798 2431 S.
1813 2359 1925 2436 alarin
1950 2357 2098 2431 Norrella
2126 2356 2250 2431 Ordini
2360 2368 2367 2384 '

382 2454 627 2533 Dominicano
651 2479 787 2533 nomen
804 2457 912 2533 dedit
962 2459 1100 2533 Claruit
1128 2459 1494 2551 circaannum1322.
1545 2455 1661 2530 Tanta
1679 2457 1882 2552 eloquentia
1894 2457 1960 2530 fuit
1977 2459 2180 2552 praenites,
2209 2470 2249 2534 vt
2297 2513 2300 2522 .

262 2577 266 2586 ·
340 2597 342 2606 ·
382 2555 569 2632 maximus
581 2554 669 2631 sacri
685 2555 785 2632 verbi
801 2557 1035 2631 concionator
1055 2554 1218 2637 habitus,
1244 2553 1407 2627 omnium
1419 2575 1524 2628 aures
1538 2554 1584 2627 ad
1598 2551 1633 2626 se
1650 2555 1820 2632 traheret.
1858 2555 2054 2628 Sermones
2068 2556 2171 2637 eius,
2204 2554 2248 2628 li·

383 2668 442 2729 cet
457 2654 617 2749 aliquam
629 2654 792 2729 eiusdem
803 2655 885 2728 aeui
899 2651 1157 2751 simplicitatem
1173 2651 1316 2733 oleant,
1335 2662 1458 2725 tamen
1474 2650 1585 2725 etiarn
1600 2650 1705 2726 huius
1731 2645 1903 2748 politioris
1920 2705 1930 2736 ,
1957 2651 2247 2747 delicatiorisque
2369 2739 2375 2746 ,

381 2747 490 2846 seculi
505 2774 578 2822 non
592 2750 775 2847 displicent
787 2753 957 2835 auribus,
984 2750 1160 2845 auideque
1177 2748 1346 2843 leguntur
1370 2800 1379 2830 ‚
1408 2749 1445 2825 a
1467 2749 1726 2844 conquiruntur
1751 2773 1774 2824 a
1798 2750 2036 2825 celeberrimis
2052 2753 2149 2827 verbi
2177 2749 2246 2825 Dei

383 2847 624 2943 praeconibus
640 2852 686 2926 ob
701 2848 1119 2939 eximiammetbodum,
1145 2848 1399 2945 canonumque
1421 2849 1573 2948 pondus.
1640 2849 1695 2929 lta
1717 2869 1867 2933 ovum
1902 2845 1990 2925 T.I
2000 2846 2122 2950 script.
2160 2847 2244 2928 Ord.
2329 2909 2339 2918 .
2386 2871 2390 2876 ·

384 2941 540 3028 Praedia.
565 2968 603 3047 p.
629 2969 709 3046 551.

913 3146 1057 3255 Libri
1090 3101 1368 3257 aMurtino
1391 3140 1531 3254 Flach
1558 3148 1764 3290 imprrffl.
1789 3142 1793 3148 ¹

276 3453 278 3458 .
370 3307 406 3451 ¹.
496 3363 695 3457 XXXIII.
726 3307 940 3457 Guidonis
970 3367 1023 3455 de
1041 3386 1187 3455 monte
1205 3366 1950 3485 RocheriIManipulusCuratomm.
1981 3368 2027 3453 in
2052 3365 2127 3466 fot,
2226 3348 2231 3356 ¹

478 3545 521 3622 ln
547 3545 667 3622 fronte
691 3548 811 3643 operis
837 3545 1017 3645 sequentia
1034 3551 1230 3625 habentur:
1262 3541 1393 3622 Tainia
1405 3543 1574 3645 sequentis
1590 3550 1698 3648 operis
1710 3546 1802 3645 quot
1816 3545 2018 3645 Monipnins
2044 3560 2243 3644 necatorum

290 3687 312 3702 κ’
378 3657 596 3743 nuncupatur
596 3647 750 3742 feliciter
761 3647 893 3744 incipit.
945 3650 1077 3724 Tabula
1092 3651 1209 3744 priora
1231 3647 1303 3721 duo
1318 3645 1403 3720 folia
1415 3660 1600 3743 ,occupat⁴
1629 3648 1728 3724 Folio
1744 3649 1852 3722 tertio
1865 3646 1993 3745 Incipit
2006 3648 2160 3742 feliciter
2179 3651 2241 3738 do·
2299 3660 2304 3666 '

379 3744 503 3845 Xisjimi
516 3743 769 3846 ocsamostffimi
791 3749 859 3820 viri
871 3744 998 3821 donini
1016 3744 1182 3821 Gnidoair
1193 3746 1234 3819 rie
1246 3758 1353 3818 nmnte
1368 3744 1525 3822 Rocierii
1541 3742 1630 3822 -l'ber
1642 3752 1701 3844 qni
1713 3746 1916 3845 Monipalnr
1944 3761 2138 3823 curatorum
2162 3747 2241 3821 nul·

380 3844 511 3940 garirer
533 3842 724 3941 oppedomr
749 3840 793 3919 ln
803 3868 868 3941 qno
880 3870 942 3942 per
952 3844 1127 3944 neccfflcrin
1141 3846 1246 3943 officia
1261 3869 1374 3919 eornm
1388 3844 1605 3940 quibuscum
1620 3849 1807 3922 uninornm
1825 3845 1919 4020 ηὔξω
1933 3846 2158 3945 estsecnndnrn
2169 3845 2241 3944 sep-

295 4033 300 4041 ·
378 3938 738 4037 temsacrnmenrornm
759 3943 907 4017 ordinem
921 3941 1067 4019 breuiter
1075 3943 1337 4043 pcnruii‘onrn'r.
1389 3945 1460 4020 His
1476 3944 1625 4022 Iubieiia
1646 3946 1679 4020 le
1705 3946 1777 4019 itur
1799 3947 1852 4041 ep'
1885 3944 1941 4020 ola
1955 3947 2171 4022 dedicatoria
2190 3941 2240 4022 ad
2277 4023 2284 4030 ,

308 4137 310 4148 Ι
378 4031 618 4131 Ronmnndnm
636 4035 821 4117 Valentiae
837 4040 1046 4139 Episcopum
1071 4066 1169 4118 anno
1188 4067 1284 4139 ¹3³4
1297 4042 1447 4140 scripta,
1464 4059 1572 4140 quarn
1589 4067 1655 4119 aue
1688 4067 1709 4119 a
1724 4045 1852 4139 pagnra
1864 4046 2057 4141 prologus,
2075 4044 2240 4128 acilium

283 4155 305 4182 ··
378 4134 467 4211 folio
482 4151 633 4232 quarto,
660 4138 756 4214 linea
773 4140 940 4237 vigesima
955 4141 1088 4243 Diuisio
1098 4142 1196 4216 inias
1212 4144 1321 4241 operis
1339 4144 1482 4237 excipit.
1523 4142 1636 4216 Linea
1653 4166 1700 4230 ³0
1715 4144 1837 4237 incipit
1866 4139 2181 4240 Traiiornrprinnc
2195 4141 2240 4215 dc

368 4230 594 4336 sacramentis
606 4236 645 4311 in
655 4239 805 4336 generali
818 4236 860 4316 ὅ
870 4237 968 4315 iubet
981 4244 1051 4316 trin
1064 4241 1223 4338 capitula.
1264 4240 1365 4336 Opus
1384 4240 1468 4315 folio
1487 4240 1632 4337 sonnis
1648 4240 1768 4314 verbis
1780 4239 1927 4314 linitur:
1955 4239 2029 4315 Des
2044 4244 2192 4338 gracias.
2341 4267 2344 4274 ·

479 4328 511 4410 T
619 4358 731 4432 ,quo
749 4333 1016 4434 Imprellumest
1038 4340 1238 4435 hocopus,
1265 4339 1431 4436 gothicus
1454 4338 1688 4426 maiusculus,
1713 4338 1954 4423 neminen,
1979 4364 2086 4435 quem
2113 4335 2237 4414 tabula
2278 4386 2280 4393 .
2376 4419 2387 4442 ,

374 4430 421 4505 Il.
444 4427 535 4508 bil
577 4434 744 4516 exhibea.
786 4435 921 4511 lineae
934 4434 1108 4534 inquauis
1122 4439 1251 4534 pagina
1275 4436 1415 4532 integra
1432 4442 1479 4534 36
1498 4448 1741 4511 numerantur.
1788 4435 1945 4512 litterae
1976 4438 2128 4513 initiales
2154 4435 2236 4511 nul·
2414 4471 2420 4478 ·

377 4527 434 4603 lae
454 4531 650 4625 adparent,
680 4535 801 4611 nullae
830 4536 1053 4631 fignaturae,
1079 4537 1166 4614 nulli
1191 4537 1389 4623 custodes,
1428 4536 1585 4632 nullique
1615 4535 1826 4635 paginarum
1843 4537 1993 4613 numeri.
2045 4541 2237 4633 lnterpurn

376 4621 503 4704 aionis
523 4625 659 4722 lignum
671 4637 826 4710 occurrit
846 4632 1034 4732 puntimm
1059 4632 1274 4733 quandoque
1291 4657 1395 4709 coma
1408 4632 1561 4730 longiori
1586 4634 1680 4711 linea
1699 4633 1906 4732 exprellum.
1947 4636 2080 4712 Grarta
2099 4637 2146 4712 est
2172 4635 2236 4711 iri·

373 4748 450 4903 1¹an
451 4778 472 4898 ἑ
475 4729 665 4898 ¹'altcdrrers'pnus
671 4734 788 4901 polita
801 4787 845 4905 qh
837 4735 1005 4905 chgtaffl
1018 4734 1140 4832 igno,
1165 4734 1426 4831 capitebouino
1448 4788 1457 4819 ‚
1480 4735 1577 4809 inter
1593 4737 1697 4811 cuius
1718 4757 1852 4810 comua
1869 4735 1967 4809 stilus
1988 4736 2168 4831 exsurgit,
2191 4733 2237 4810 in
2322 4791 2326 4800 .

404 4849 425 4901 e
600 4850 666 4900 ueri
718 4885 727 4914 ‚
927 4888 937 4907 .

398 5007 400 5012 ,
469 4854 798 5005 pernimiaehail
812 4855 869 5005 eil¹
889 4932 1023 5017 editio,
1050 4931 1230 5027 Bibliogra
1255 4930 1311 5005 lris
1333 4929 1487 5026 ignota,
1526 4929 1724 5030 iisdemque
1749 4931 1878 5007 litteris
1891 4929 2077 5029 exprell'a,
2100 4932 2234 5023 quibua

372 5019 554 5100 Martinus
568 5025 1103 5126 nuncuZunrorenfirbjnrcnlrnn
1121 5034 1208 5106 nitor
1222 4953 1386 5105 innonat
1401 5049 1497 5105 anno
1521 5052 1609 5128 1475
1638 5031 1709 5107 stne
1736 5030 1807 5107 loci
1830 5030 1964 5106 indicio
1987 5030 2232 5127 imprelierat,

371 5120 431 5196 sed
456 5123 528 5199 ime
544 5124 651 5199 dubio
666 5124 912 5223 Argentinae3
941 5151 1024 5203 nam
1038 5127 1179 5227 quoties
1196 5130 1362 5214 editionis
1375 5129 1495 5205 locum
1508 5131 1716 5217 adnotauit,
1732 5127 2029 5226 Argentineniem
2044 5129 2231 5207 'ciuitatem
2269 5213 2284 5220 ,,

371 5223 556 5306 nominat,
582 5224 679 5299 vnde
690 5224 976 5303 corcludemlum
991 5282 1003 5319 ,
1016 5247 1098 5318 euru
1113 5244 1228 5306 artem
1242 5229 1541 5328 typographicam
1554 5229 1692 5332 semper
1701 5231 1740 5309 in
1754 5229 1882 5308 eaden
1899 5227 2091 5309 exercuill'e
2100 5254 2115 5326 ς
2131 5221 2233 5330 quod
2334 5305 2342 5316 .

371 5315 480 5396 &CI
498 5341 814 5436 scuoarruttitvs
827 5329 864 5405 in
884 5321 1025 5407 Wadic,
1038 5342 1171 5431 iquogr.
1187 5330 1365 5410 adfirmat
1791 5331 1794 5336 ¹

1266 5493 1359 5574 Ε.
2120 5492 2392 5626 ὓθ ,
