5400 6284
1067 617 1070 624 ·
1161 592 1484 700 ³32ssss
1743 535 1746 540 Ι
2095 699 2098 704 ,
2143 669 2153 698 ,
2195 613 2242 690 er

756 797 842 894 un.
870 796 915 895 s,
932 795 1123 912 Gregorii
1142 796 1205 892 n.
1222 793 1631 910 urarogommuron
1651 792 1720 891 ru.
1750 793 1886 884 roro.

485 979 670 1072 integrum
692 975 761 1053 hoc
783 978 987 1075 opusculum
1002 979 1095 1053 soliis
1112 986 1160 1068 86
1182 978 1344 1064 constat,
1377 977 1582 1054 charattere
1597 977 1741 1074 gothico
1756 974 1941 1063 &cresim
1966 973 2181 1056 valdefimili
2197 977 2238 1050 il·
2322 975 2327 984 '

385 1079 432 1162 li.
458 1101 530 1176 quo
542 1075 718 1176 Speculum
737 1077 900 1150 lrurrrunue
908 1075 1113 1175 sasnuliorn's
1134 1077 1233 1172 supra
1249 1076 1489 1166 recensitum,
1510 1076 1679 1152 excusum
1693 1131 1703 1160 ‚
1716 1077 1781 1164 dt,
1807 1079 1868 1172 qui
1894 1075 2015 1150 tabula
2027 1075 2070 1148 ll.
2096 1073 2140 1152 N.
2155 1073 2236 1150 Vlll
2378 1135 2385 1142 .

383 1177 587 1261 videndus,
615 1175 890 1272 impressumelt
942 1177 1097 1250 Litteras
1107 1177 1262 1250 initiales
1289 1177 1388 1268 ligno
1398 1175 1546 1261 incisas,
1584 1199 1719 1272 easque
1744 1175 1910 1250 florentes
1924 1173 2053 1248 adiecit
2067 1187 2238 1268 typogra-

384 1275 501 1372 phus,
528 1275 746 1371 quandoque
772 1277 919 1348 easdem
948 1297 1091 1368 quoque
1120 1272 1256 1350 omisit:
1282 1274 1448 1349 soliorum
1475 1295 1644 1349 numeros
1674 1276 1712 1348 in
1735 1273 1896 1366 margine
1919 1270 2086 1368 superiori
2101 1271 2236 1347 indica·

383 1375 460 1461 uit,
492 1373 653 1448 custodes
672 1394 783 1456 vero,
811 1374 847 1447 dr
872 1374 1070 1465 lignaturae
1087 1371 1338 1446 desiderantur.
1417 1373 1713 1468 interpunttionis
1737 1371 1874 1466 signum
1895 1383 2036 1466 praeter
2064 1369 2236 1468 punitum

383 1469 524 1548 nohum
537 1471 632 1545 aliud
646 1469 839 1544 obseruaui.
880 1471 1015 1545 Charta
1030 1471 1079 1544 elt
1092 1472 1192 1544 srrma
1211 1472 1433 1556 admodum,
1461 1470 1518 1546 sed
1535 1474 1655 1546 minus
1676 1474 1775 1553 alba.
1801 1472 1838 1546 dr
1860 1468 1981 1565 polita.
2266 1471 2270 1480 '

322 1565 338 1590 “’
482 1570 589 1645 Initio
601 1571 719 1664 operis
736 1570 828 1642 tituli
842 1567 921 1642 loco
935 1567 1116 1664 sequentia
1128 1569 1296 1663 leguntur
1313 1593 1322 1642 :
1346 1569 1472 1668 Incipit
1488 1568 1572 1644 liber
1586 1569 1805 1668 dyalogoram
1817 1566 1909 1642 beuti
1930 1563 2093 1665 Gregorii
2116 1563 2164 1640 ud
2172 1589 2235 1664 pe·

384 1681 476 1742 uum
489 1665 782 1763 diaconumsuum.
820 1667 926 1742 Liber
943 1669 1078 1762 primus
1093 1668 1208 1764 prima
1230 1669 1305 1742 solii
1336 1695 1375 1760 η
1402 1671 1533 1764 pagina
1551 1669 1645 1744 linea
1662 1670 1801 1742 decima
1816 1666 1964 1750 desinit,
1983 1687 2093 1764 quern
2107 1663 2235 1738 imme·

384 1765 827 1860 diatesecundusexcipit.
883 1765 990 1838 Liber
1004 1783 1152 1860 quartus
1166 1767 1378 1841 terminatur
1391 1767 1514 1842 auersa
1538 1777 1585 1856 86
1609 1767 1682 1842 solii
1705 1767 1865 1864 pagina,
1891 1766 1985 1840 linea
2000 1787 2076 1860 31,
2103 1762 2161 1840 cui
2182 1759 2233 1836 se·

385 1885 501 1963 quens
514 1863 670 1940 clausula
683 1861 832 1938 subiecta
845 1861 1022 1940 habetur:
1051 1863 1207 1963 Explicit
1218 1863 1303 1940 siber
1315 1879 1458 1960 quartus
1481 1866 1700 1964 dyalogorarn
1719 1865 1890 1963 Gregorii.

285 1965 292 1990 '·
490 1961 741 2038 Controuersra
756 1961 805 2036 est
827 1959 922 2038 inter
934 1961 1102 2048 eruditos,
1116 1986 1271 2059 quanam
1285 1988 1330 2038 ex
1347 1967 1595 2062 typographeo
1615 1964 1746 2060 dialogi
1757 1961 1961 2060 praesentes
1979 1959 2233 2064 prodierintau

382 2061 655 2140 exZeioeriano
680 2115 690 2147 ,
721 2083 768 2134 an
784 2083 832 2134 ex
846 2059 921 2136 San
933 2101 949 2118 ·
967 2059 1166 2136 Vlricaoo‘l
1195 2059 1248 2138 Cl.
1264 2085 1389 2138 verra
1410 2064 1446 2137 in
1462 2061 1521 2136 sua
1537 2059 1698 2138 Diutribr
1717 2087 1752 2160 p.
1766 2061 1899 2145 XXIV.
1926 2079 2104 2134 znrnreno
2131 2057 2233 2140 abiu·

383 2161 507 2244 dicat,
534 2157 1134 2256 nostroquemooasterioadscribit.
1172 2159 1356 2236 Clariffirni
1382 2183 1468 2237 vero
1484 2163 1561 2240 Viri
1575 2161 1624 2236 D.
1645 2183 1812 2238 uerutus
1830 2159 1951 2235 insuis
1968 2155 2169 2234 Annalibus
2194 2155 2234 2234 dt

384 2257 436 2336 D.
453 2281 684 2334 suumruuren
698 2255 810 2332 sasas
834 2279 878 2332 ea
893 2257 988 2332 dere
1003 2258 1151 2332 omnino
1165 2259 1261 2336 dubii
1276 2261 1450 2350 haerent,
1475 2260 1542 2335 hac
1565 2261 1704 2334 ratione
1753 2256 1903 2344 ermoti,
1930 2255 2071 2344 eouuod
2091 2251 2234 2327 Wron-

384 2383 459 2432 mur
477 2377 681 2444 wrrrwurr
696 2355 898 2430 Monachus
922 2358 997 2432 San
1009 2398 1025 2414 ·
1044 2357 1253 2442 Videmus,
1274 2359 1313 2435 dr
1325 2358 1471 2455 scriptor
1492 2369 1650 2433 coaelrus
1668 2283 1752 2457 ins
2049 2451 2052 2458 Ι

382 2459 485 2560 nostri
497 2453 644 2555 asceterii
654 2453 765 2529 libros
779 2455 827 2528 iu
839 2451 954 2530 nostra
968 2453 1109 2529 officina
1125 2453 1275 2532 excusos
1286 2456 1498 2542 recensens,-
1523 2457 1751 2533 'solummodo
1776 2459 1822 2532 de
1836 2455 1995 2549 Dialogis
2018 2449 2232 2536 theodiscis,

381 2578 455 2632 nou
470 2567 592 2630 autern
607 2553 652 2628 de
666 2551 787 2627 latinis
804 2555 1025 2627 mentionem
1039 2553 1156 2630 faciat.
1190 2557 1382 2642 Silentiuor
1395 2569 1517 2632 tamen
1531 2577 1757 2634 wrrrwunt
1780 2579 1858 2630 rem
1873 2553 2017 2650 penitus
2038 2547 2233 2626 indecisam

381 2653 573 2750 relinquit.
598 2651 781 2736 maxirue,
807 2673 890 2726 cum
903 2651 1051 2748 ipsemet
1078 2652 1159 2726 loco
1179 2655 1237 2730 cit
1253 2655 1349 2730 dicat
1374 2709 1384 2743 ,
1410 2656 1531 2730 omnia
1557 2654 1742 2750 opuscula,
1767 2676 1860 2752 quae
1885 2651 2232 2728 Abbasnmonron

379 2751 538 2848 imprimi
552 2762 766 2834 curauerat,
789 2751 828 2824 io
849 2748 909 2824 suo
923 2751 1087 2846 catalogo
1099 2773 1404 2838 commemorare,
1429 2753 1566 2829 necesse
1579 2753 1674 2828 haud
1686 2753 1777 2844 elle;
1800 2750 1893 2826 vnde
1907 2763 2030 2848 patet,
2057 2763 2096 2826 vt
2107 2747 2232 2826 iamin

304 2887 313 2900 -·
381 2847 603 2948 praefatione
617 2842 875 2934 animaduerti,
900 2849 1001 2946 plura
1026 2849 1320 2947 adhucopuscula
1341 2851 1378 2926 in
1393 2852 1509 2926 nostro
1523 2851 1692 2927 asceterio
1706 2853 1805 2948 prelo
1821 2849 1920 2926 suisse
1933 2845 2123 2930 commissa.
2136 2867 2231 2940 quae

380 2943 590 3030 recensere,
603 2946 749 3031 omnia,
769 2945 999 3022 necessatium
1015 2972 1087 3022 non
1101 2949 1215 3032 duxit.
1264 2949 1408 3046 insuper
1422 2952 1519 3027 haud
1531 2951 1691 3036 constat,
1724 2950 1907 3048 quoduam
1920 2969 2012 3049 opus
2034 2943 2232 3024 Gentinos

381 3063 539 3124 zethua
562 3041 624 3120 illo
643 3043 846 3120 charasiere
869 3101 878 3131 ,
905 3048 1016 3143 quiin
1034 3045 1206 3143 praesenti
1225 3051 1398 3146 adparet,
1423 3050 1618 3124 excuderit.

481 3139 609 3242 Neque
623 3137 742 3241 quoad
765 3143 997 3241 imprelhonis
1019 3169 1154 3220 annum
1181 3147 1325 3220 litterati
1342 3151 1563 3222 conueniunt
1582 3149 1636 3224 Cl.
1651 3169 1816 3222 noerius
1832 3146 1878 3221 ad
1894 3167 2031 3220 annum
2052 3165 2146 3238 1472
2171 3165 2230 3217 re·

377 3239 478 3328 sert,
503 3241 755 3338 quodueritati
778 3249 1011 3318 omninonon
1031 3259 1217 3340 repugnat.
1267 3247 1416 3321 Certum
1428 3247 1498 3330 est,
1521 3249 1573 3322 vti
1587 3248 1622 3321 in
1637 3247 1855 3340 peremtione
1871 3247 2039 3340 probaui,
2063 3239 2230 3316 Melo-iric·

381 3361 452 3414 rnre
465 3359 694 3414 sanmnunrn
712 3341 785 3414 iam
807 3341 932 3438 quinto
945 3339 1094 3434 Augusti
1108 3343 1165 3416 die
1181 3345 1328 3438 praelati
1343 3345 1429 3418 anni
1449 3347 1744 3438 typographicam
1756 3359 1870 3416 artem
1890 3346 1927 3416 in
1941 3343 2099 3414 nostrum
2113 3341 2228 3414 intro·

381 3431 516 3512 mulne
537 3437 798 3514 monasterium.
850 3437 1056 3536 lmpolhbile
1071 3442 1178 3536 igitur
1190 3463 1298 3516 nemo
1313 3442 1457 3526 credet,
1483 3445 1576 3516 intra
1589 3441 1747 3538 quinque
1760 3439 1933 3514 mensium
1948 3438 2097 3535 spatium
2111 3458 2226 3532 opus.

377 3533 473 3613 soliis
490 3537 739 3612 tandummodo
757 3543 804 3626 86
830 3550 1060 3622 contentum,
1089 3539 1243 3635 imprimi
1256 3541 1411 3636 pomilie.

480 3631 518 3710 S.
532 3655 762 3710 onuuonrvs
778 3635 938 3732 dialogos
951 3638 996 3712 de
1010 3639 1187 3712 miraculis
1204 3639 1373 3720 Patrum.
1396 3639 1548 3712 fratrum
1574 3631 1793 3709 orationibus
1816 3627 2018 3726 compulsus
2030 3629 2170 3704 Romae
2185 3632 2222 3706 in

308 3805 310 3810 .
375 3733 591 3810 monasterio
602 3729 642 3810 S.
654 3753 845 3808 nunaunt
860 3756 956 3808 anno
977 3757 1039 3829 593
1066 3749 1128 3810 aut
1148 3756 1241 3831 594,
1272 3751 1313 3811 vt
1331 3736 1539 3811 Benedidini
1562 3733 1686 3830 Congr.
1713 3729 1924 3822 Snrnvnr,
1949 3727 2130 3826 operanti.
2146 3729 2224 3804 Do-

379 3831 476 3906 ffon‘s
493 3831 635 3906 editores
657 3831 696 3904 in
709 3831 1137 3928 praefationctellontur‚
1164 3833 1302 3930 scripsit.
1342 3837 1443 3932 lique
1456 3831 1635 3910 doclilsrmi
1650 3831 1724 3908 Viri
1738 3832 1774 3904 io
1788 3831 1916 3902 eadem
1929 3823 1965 3902 S.
1978 3849 2225 3909 unuuonrvru

378 3933 423 4002 ab
445 3927 760 4013 obtrectatoribus,
787 3931 850 4024 qui
863 3952 947 4004 eum
962 3933 1092 4005 nimiae
1104 3933 1323 4008 credulitatis
1338 3987 1348 4018 ,
1374 3934 1488 4011 immo
1503 3932 1627 4016 rudis,
1654 3953 1697 4006 ao
1709 3927 1853 4018 stolidae
1868 3925 2099 4023 simplicitatis
2117 3949 2224 4032 argu-¹

259 4083 266 4106 ,
377 4038 467 4112 unt,
496 4025 684 4122 quanobis
705 4025 1025 4106 anilessabulasab
1039 4055 1083 4105 eo
1107 4031 1229 4108 reserri
1242 4047 1535 4130 conqueruntur,
1572 4030 1717 4117 multis,
1743 4033 1852 4124 atque
1866 4027 1978 4102 firmis
1999 4027 2224 4120 argumentis

376 4123 572 4232 vindicant.

703 4303 811 4394 LIII.
828 4248 1090 4396 'Breuinrirrrn
1111 4330 1182 4422 pro
1199 4308 1345 4423 dyocefi
1359 4309 1500 4422 ecclefie
1514 4305 1763 4422 Augrrflenss.
1790 4305 1836 4392 in
1850 4302 1928 4408 fol,

471 4483 593 4562 Verba
604 4509 690 4562 mox
703 4487 811 4562 allata
829 4488 947 4584 operis
964 4489 1106 4564 titulum
1134 4489 1362 4566 constituunt.
1400 4490 1489 4566 Mihi
1511 4489 1631 4586 potius
1656 4485 1893 4570 Diretiorr‘rrm,
1918 4507 2026 4584 quam
2040 4483 2221 4565 Breuiurr·
2267 4509 2271 4520 '

377 4603 434 4656 aar
456 4581 646 4658 dicendum
661 4585 824 4677 videtur3
849 4585 1067 4661 Brevioriom
1094 4591 1190 4666 enim
1203 4589 1357 4666 officium
1373 4614 1394 4663 a
1409 4589 1563 4686 personis
1585 4587 1642 4661 vel
1667 4587 1702 4661 in
1717 4587 1821 4664 sacris
1835 4587 2033 4664 constitutis
2056 4643 2065 4672 ‚
2091 4587 2150 4665 vel
2167 4587 2221 4662 sad

376 4699 438 4754 cra
451 4677 658 4774 prosell'rone
676 4684 845 4760 adstriitis
865 4683 1010 4781 hogulis
1034 4687 1160 4764 diebus
1188 4687 1457 4785 persoluendum
1472 4686 1665 4778 coutinet3
1691 4687 1916 4762 Diredorirrm
1930 4698 2053 4764 autem
2077 4687 2220 4784 regulas

374 4787 552 4866 tantum,
575 4783 742 4878 quando,
767 4785 998 4880 &quomodo
1023 4785 1107 4860 fella
1122 4809 1185 4884 per
1206 4809 1340 4862 annum
1355 4787 1589 4870 celebranda,
1615 4784 1833 4882 pensumque
1850 4783 2119 4863 ecclesiasticum
2139 4809 2218 4884 per·

372 4871 609 4967 soluendum,
634 4879 770 4956 clericis
782 4881 902 4964 tradit.
952 4881 1065 4960 Cuius
1081 4908 1167 4982 ergo
1185 4883 1400 4960 conditionis
1417 4883 1480 4972 srt,
1508 4881 1743 4962 consideranti
1767 4883 1943 4984 relinquo.
2261 4891 2265 4898 '

470 4995 614 5074 Primae
632 5015 783 5097 quatuor
795 5003 942 5098 regulae
956 5018 1100 5103 tempus
1124 5008 1169 5083 ab
1183 5005 1357 5082 Aduentu
1381 5029 1495 5104 voque
1520 5007 1566 5082 ad
1579 5003 1745 5082 Natalem
1757 5004 1903 5081 Domini
1921 5001 2016 5082 diem
2033 5005 2221 5094 ordinant.

373 5106 515 5172 eeterae
537 5119 625 5174 vero
648 5151 659 5185 ,
686 5121 777 5196 quae
790 5099 961 5198 triginta,
1003 5103 1136 5190 desert,
1159 5103 1752 5206 festorumaseptuagesrmansque
1778 5105 1825 5180 ad
1836 5101 2046 5180 Adueotum
2061 5105 2225 5182 diretlic·

372 5215 460 5307 uem
470 5196 698 5274 constituunt,
737 5241 739 5246 ·
752 5200 887 5276 Vltima
901 5201 1023 5298 regula
1039 5205 1154 5303 prima
1169 5203 1243 5280 solii
1260 5225 1326 5300 ιη
1354 5208 1483 5304 pagina
1498 5205 1734 5290 terminatur,
1749 5227 1859 5302 quarn
1869 5201 1992 5280 auersa
1999 5205 2139 5282 litterae
2155 5207 2222 5281 do·

372 5293 838 5401 mmcdessubleqouorur.
865 5296 1044 5378 Annexae
1056 5303 1137 5380 sunt
1148 5302 1315 5399 regulae,
1332 5307 1514 5403 quomodo
1525 5303 1610 5386 sella
1625 5303 1664 5382 S.
1679 5323 1878 5382 ouvrnnrr
1890 5301 2051 5392 Albulis,
2063 5305 2101 5380 S.
2115 5323 2219 5378 nen·

371 5411 460 5468 nrcr
474 5387 714 5494 Imperatoris,
739 5395 1127 5500 &PraesenlulionisB.
1141 5425 1301 5583 nnnrpu
1315 5403 1476 5508 Virginis
1495 5404 1565 5486 lint
1582 5401 1815 5492 celebranda,
1839 5425 1923 5483 cum
1937 5403 2218 5586 klhorpibtbrslris

1730 2383 1772 2432 uu
1785 2357 1942 2454 catalogo
1953 2351 2038 2432 MS.
2055 2347 2234 2429 Adlatum
2386 2401 2389 2406 -
