5400 6284
431 580 504 655 1⁶2
1186 563 1512 670 *ἐμὲ

527 769 629 846 Folio
648 765 779 845 voliano
807 766 932 865 incipit
946 761 1098 864 prefatio
1123 761 1170 838 ad
1191 762 1330 840 Petrum
1352 783 1566 843 cannarum
1596 767 1909 850 Franciscanosum
1926 774 2163 864 Generelem,
2191 799 2282 876 quae

360 943 366 964 ,
425 870 551 948 aurrla
565 871 727 946 eiusdem
740 868 814 940 i’olii
834 866 985 964 pagina,
1013 865 1181 939 columna
1194 862 1375 947 secunda,
1397 865 1541 941 &linea
1556 892 1651 944 aona
1668 870 1867 950 absoluitur.
1903 873 2016 948 Linea
2042 874 2181 952 decima
2196 878 2288 958 inci-1

425 972 480 1068 pit
501 975 636 1067 primas
650 965 819 1040 articulus
832 964 911 1040 libri
925 963 1038 1061 primi.
1067 963 1149 1038 Hoc
1161 961 1199 1037 in
1215 961 1304 1038 libro
1317 963 1393 1056 agit
1406 963 1530 1039 audior
1542 965 1587 1040 de
1602 967 1768 1044 ecclesiae
1780 969 2065 1057 fundamento&
2077 974 2157 1048 eius
2181 974 2288 1048 iuris·

425 1069 602 1154 didimia,
634 1089 677 1139 ac
704 1064 946 1161 depoteutia‚
989 1057 1219 1139 &funditate
1240 1059 1383 1156 Papae,
1407 1063 1444 1139 dc
1465 1065 1617 1140 aliarum
1653 1069 1880 1142 caelatorum.
1925 1069 2013 1144 Falli
2029 1093 2096 1167 125
2116 1073 2287 1147 columna

426 1170 564 1265 prima,
592 1167 687 1240 linea
700 1164 886 1240 undecima
902 1161 1033 1237 illchia
1047 1161 1165 1237 verbis
1180 1158 1330 1234 deuna:
1361 1158 1483 1236 Gloria
1486 1162 1615 1261 spirita
1637 1163 1747 1264 sandi
1773 1166 1913 1244 linitur
1934 1170 2050 1266 prima
2073 1195 2158 1268 pass
2183 1170 2297 1245 liuius

426 1269 536 1340 aeris
578 1266 712 1339 eliciter·

443 1294 470 1366 p
526 1267 632 1440 Lber
656 1358 831 1436 secundus
844 1357 929 1434 folio
950 1359 1017 1436 126
1042 1356 1210 1442 inchoat,
1235 1356 1358 1452 inquo
1378 1357 1519 1456 proprie
1542 1358 1766 1436 tristissimum
1780 1361 1947 1437 ecclesiae
1962 1361 2115 1450 statum,
2141 1387 2205 1461 per
2218 1363 2285 1440 Pe·

425 1474 515 1540 trum
528 1481 763 1536 convadium
781 1455 1002 1555 Antipapam
1014 1457 1166 1552 turpiter
1177 1453 1430 1543 defoedatum,
1457 1457 1640 1554 deplangit
1657 1460 1788 1535 austor.
1830 1462 1873 1536 ln
1885 1462 2004 1536 fronte
2019 1463 2181 1538 eiusdem
2195 1463 2285 1560 legi·

425 1575 487 1636 tur
501 1585 509 1635 :
523 1559 659 1638 Primus
675 1555 854 1632 Articulus
867 1553 1015 1632 Secunde
1026 1555 1137 1654 partis
1149 1552 1247 1630 buius
1261 1554 1382 1650 operis.
1429 1554 1517 1634 Pars
1535 1554 1687 1631 secunda
1706 1558 1829 1634 linitur
1848 1562 1955 1634 tertia
1966 1559 2040 1640 folii
2059 1569 2131 1658 396
2147 1561 2284 1637 colum·

428 1682 493 1745 na,
520 1659 577 1735 vbi
603 1656 753 1755 sequens
767 1657 894 1730 notitia
910 1652 1044 1728 adieua
1058 1653 1211 1748 legitur:
1240 1649 1380 1728 Summa
1395 1650 1634 1756 notabilifflma.
1651 1657 1746 1730 ualde
1763 1655 2161 1757 amnibusspiritualibur
2183 1659 2283 1760 arse·

272 1821 274 1828 .
426 1756 597 1832 cularibus
606 1757 769 1855 proficua.
784 1754 824 1828 de
825 1752 939 1852 stende
954 1754 1075 1854 eceleste
1086 1749 1248 1826 latbalice
1287 1751 1397 1826 landa
1417 1754 1603 1829 intitulata.
1632 1754 1908 1855 Deplangensque
1921 1759 2083 1832 lamentor
2107 1755 2284 1858 miserabi-

425 1858 487 1931 lem
502 1859 606 1931 uitam
621 1860 761 1955 nostram
772 1855 808 1926 in
824 1853 886 1927 lsac
901 1854 1116 1927 lacrimarum
1129 1848 1224 1926 ualle.
1240 1777 1362 1946 daque
1372 1849 1544 1950 lugubrem
1555 1865 1730 1949 atrumque
1745 1865 1815 1928 tam
1831 1856 2108 1956 ecclefiaflicarum
2121 1857 2282 1957 quamse-
2324 1853 2333 1872 ’

425 1958 721 2056 culariumjlatum
738 1951 777 2028 A
789 1948 969 2025 venerabili
992 1947 1032 2027 ti
1045 1947 1197 2048 religioso
1213 1951 1342 2046 fratre.
1367 1953 1504 2025 Aluaso
1520 1952 1650 2050 pelagii
1679 1951 2021 2051 (bespaninationr)
2046 1956 2284 2052 iuriscanonial

424 2056 567 2129 dodoris
582 2055 724 2151 egregio.
738 2049 867 2125 ordinis
884 2047 995 2146 suendi
1010 2045 1178 2144 Francisci
1192 2045 1344 2146 prasefflr.
1366 2047 1646 2147 Necnonsummo
1661 2075 1728 2150 pro
1755 2063 1835 2125 tune
1858 2051 2223 2156 temporissandr'lplmi'
2241 2057 2281 2132 in

262 2229 266 2244 ,
425 2175 494 2248 arpo
518 2155 640 2249 patria·
664 2177 705 2226 ac
722 2149 849 2223 domini
861 2148 987 2221 damini
1007 2146 1243 2246 iabisuicefimi
1255 2133 1463 2245 secundisai
1471 2161 1621 2247 papatus
1630 2152 1875 2247 penitentiario.
1898 2153 2050 2249 legaiiter
2077 2151 2119 2228 Θ
2138 2157 2280 2229 multum

415 2249 761 2350 stucliasesampilata.
778 2246 817 2324 id
831 2257 1049 2344 comportata.
1064 2241 1304 2343 Stabilienfipue
1317 2269 1382 2318 non
1394 2249 1505 2320 minus
1518 2250 1681 2322 intentam
1691 2247 1793 2347 suum
1808 2249 1917 2323 aalide
1941 2249 2132 2348 theologicis
2157 2254 2281 2329 iuridi-

425 2352 482 2422 cis.
506 2374 568 2446 pso
583 2345 623 2424 il
642 2359 758 2420 cantra
779 2342 1037 2444 probationibus
1056 2340 1302 2419 &canonibus
1326 2342 1585 2444 Prenuncrspato
1614 2346 1747 2445 suersmo
1762 2349 1919 2447 pontifice
1940 2374 2080 2422 unacum
2097 2347 2280 2427 venerabili

427 2446 576 2545 &sacra
588 2446 722 2544 collegia
745 2445 956 2526 dominorum
983 2467 1100 2516 uorum
1117 2443 1348 2516 cardinalium.
1363 2441 1518 2518 manibus
1529 2445 1718 2520 cancellatis
1733 2471 1807 2519 cum
1823 2445 2114 2547 amnifisbiellione
2127 2448 2280 2527 exhibita

427 2545 467 2621 ΕΞ
480 2543 609 2645 ostenfia.
624 2547 756 2618 minime
776 2555 885 2618 tamen
908 2567 932 2615 a
957 2540 1185 2639 uastanditate
1204 2539 1304 2712 ialal
1323 2543 1439 2636 aliqua
1456 2555 1553 2640 parte
1575 2544 1768 2640 redarguta.
1795 2569 1835 2618 ac
1861 2544 2049 2642 reprobata.
2081 2544 2175 2717 §guin
2200 2573 2279 2644 ymo

421 2670 484 2744 per
499 2644 656 2740 temporis
692 2640 835 2740 ocresiam
860 2637 1123 2714 acardinalibas
1146 2641 1243 2736 patri
1266 2642 1561 2742 usreputalifflmis
1575 2640 1820 2739 doliasilrusque
1833 2645 2039 2744 pesitifflmis.
2068 2667 2089 2716 a
2134 2668 2278 2741 quorum

421 2754 620 2843 peruenerat
635 2642 806 2840 adselium.
825 2736 1155 2840 affllluosesussepta
1164 2737 1306 2836 perlella
1326 2736 1411 2836 visa.
1430 2763 1470 2811 as
1482 2737 1671 2836 approbata
1688 2765 1842 2915 ymolpse
1855 2739 2024 2838 aliquibus
2045 2745 2122 2815 aliis
2158 2746 2280 2818 ummir

1792 2867 1811 2913 u

424 2840 685 2918 recommendata
714 2836 755 2916 il
776 2841 930 2912 exaltata
959 2835 1026 2911 Per
1042 2833 1265 2912 honorabilem
1281 2838 1389 2912 virum
1416 2836 1589 2910 ialannem
1615 2839 1741 2914 Zeincr
1814 2842 1941 2939 tlingen
1961 2853 2172 2938 procreatum
2198 2838 2280 2917 urbe

430 2941 513 3018 Vm
534 2950 797 3018 commorantem.
814 2961 887 3008 cum
900 2933 1035 3031 scamma
1055 2935 1232 3032 diligentia
1253 2936 1398 3010 camella
1424 2947 1523 3032 atque
1546 2949 1619 3010 arte
1643 2936 1847 3038 impeeffaria
1860 2941 2015 3038 effigiata.
2041 2937 2128 3013 Cum
2151 2940 2280 3016 rudiat-

427 3038 491 3113 duc
505 3039 673 3114 trinitatis
695 3036 864 3111 adiutorio
882 3035 999 3134 finita.
1014 3031 1208 3208 dyeliciter
1232 3031 1470 3130 consummata.
1484 3034 1589 3108 Auno
1606 3034 1731 3110 domiai
1756 3035 1934 3209 Mmlmo
1958 3035 2291 3136 quadringentefimo·

412 3135 652 3238 septuagestmo
666 3145 797 3226 quarto.
823 3133 875 3207 die
889 3157 976 3207 uera.
992 3130 1038 3207 X
1079 3131 1122 3207 V
1118 3130 1148 3206 Ι.
1171 3127 1333 3207 Oliobris.
1362 3129 1429 3207 Cui
1448 3130 1583 3210 debetur
1595 3136 1680 3209 laus.
1703 3135 1824 3234 gloria.
1869 3159 1960 3210 anor.
1974 3135 2093 3209 virtus.
2117 3133 2280 3234 &sorti

422 3235 516 3310 tado.
535 3259 594 3332 per
609 3234 744 3333 infinita
752 3228 1064 3331 seculaseculoram
1086 3229 1207 3305 Amen.

521 3335 630 3432 Operi
643 3332 776 3408 adietta
792 3330 841 3406 eli
856 3330 1077 3425 alphabetici
1090 3329 1320 3403 materiarum
1349 3328 1470 3404 tabula
1490 3329 1584 3405 foliis
1603 3328 1691 3402 'osto
1706 3339 1897 3414 contenta,
1924 3329 2070 3405 afratre
2091 3329 2194 3405 Petra
2207 3353 2278 3406 no·
2313 3327 2329 3340 ’

422 3454 566 3510 errurcr
591 3432 675 3507 Ord.
692 3432 838 3505 Eremit.
854 3427 890 3504 S.
906 3447 1125 3502 nvuvsrrrtr
1142 3425 1291 3502 Alumni
1304 3450 1384 3511 com
1410 3427 1517 3514 alita,
1544 3432 1580 3506 dt
1593 3448 1797 3504 aauuouro
1822 3427 1886 3502 IX
1897 3429 2061 3505 dedicata
2078 3484 2087 3514 ,
2111 3431 2158 3506 ad
2172 3429 2278 3506 cuiun

340 3529 342 3533 ’
422 3532 531 3607 finem
547 3533 636 3605 haec
649 3530 843 3624 leguntur:
877 3523 1008 3600 Tabula
1020 3523 1172 3624 piandus
1186 3527 1307 3625 eccleste
1322 3451 1527 3617 alababetice
1549 3526 1728 3625 compilata
1746 3523 1907 3626 partibas
1928 3525 2144 3625 articulisque
2161 3526 2276 3630 distin·

423 3631 483 3706 lia.
512 3629 668 3703 Aunexis
681 3624 749 3727 fibi
765 3622 1031 3722 quattacianibus
1058 3624 1207 3698 elitteris
1226 3625 1312 3722 finit
1326 3625 1488 3719 feliciter.
1937 3653 1940 3658 ·

520 3727 674 3804 Aluarar
688 3745 904 3809 rannerus,
931 3723 1076 3798 natione
1089 3720 1296 3820 Hispanus,
1327 3723 1461 3796 ordinis
1476 3724 1657 3798 Minaeum
1671 3722 1862 3808 alumnus,
1887 3721 2145 3800 Ioannisnvrts
2161 3745 2274 3820 scorp

420 3825 636 3923 discipulus,
661 3825 748 3901 iuris
761 3820 939 3918 utriusque
953 3817 1096 3905 dolior,
1123 3841 1219 3894 anno
1244 3819 1385 3896 circiter
1407 3841 1498 3915 1329
1516 3842 1686 3899 ronunrs
1702 3819 1792 3895 XII
1809 3821 1993 3898 Pontificio
2012 3823 2275 3922 pastesaduem

421 3927 476 4000 l'us
494 3922 682 3999 Miclmclen
707 3939 978 3997 causaturum
1004 3929 1168 4004 tutatus,
1192 3917 1487 4015 poenitentiarius
1502 3917 1727 4018 Apostolicus
1745 3919 1987 3996 renunciatur.
2030 3916 2185 4020 Scripli't¹
2202 3921 2274 3998 hac

420 4048 511 4122 opus
525 4047 620 4098 auno
641 4046 653 4094 r
663 4043 756 4116 330,
772 4030 811 4093 vt
828 4016 952 4116 ipsein
971 4017 1111 4114 epilogo
1131 4017 1299 4104 testatur,
1328 4017 1365 4092 in
1380 4017 1524 4092 ciuitate
1539 4016 1780 4094 Auenionensr
1793 4073 1802 4104 ,
1817 4040 1914 4094 anna
1925 4032 2047 4096 autern
2067 4041 2159 4118 1332
2173 4041 2275 4096 com·

420 4126 560 4222 plauit:
597 4143 708 4195 manu
724 4118 866 4288 propria
888 4137 958 4202 vna
974 4117 1051 4191 vice
1065 4116 1243 4201 correxit,
1272 4115 1335 4202 da,
1364 4129 1404 4190 vt
1418 4117 1495 4191 eius
1510 4119 1628 4194 verbis
1644 4131 1745 4203 utar,
1779 4113 1991 4214 apastillauit
2014 4141 2110 4194 anno
2137 4117 2276 4197 domini

419 4227 469 4303 lli.
485 4222 590 4297 CCC.
607 4219 758 4299 XXXV.
802 4241 826 4290 n
842 4214 1011 4310 Algarbia
1025 4213 1240 4311 Portugallia
1261 4213 1397 4289 invilla
1417 4215 1574 4302 Ramra,
1601 4217 1660 4292 vbi
1672 4214 1866 4314 Episcopus
1878 4229 1980 4301 erat,
2012 4216 2166 4294 secunda
2191 4217 2274 4294 vice

418 4322 596 4400 correxit.
625 4323 662 4396 dc
678 4316 886 4414 apostillauit
898 4317 934 4388 in
948 4312 1064 4388 sanilo
1081 4335 1219 4388 racouo
1231 4314 1277 4389 de
1291 4313 1527 4410 compostella
1540 4315 1651 4389 Anno
1665 4315 1819 4390 Domini.
1839 4315 1890 4390 tl.
1901 4313 2006 4392 CCC.
2016 4315 2093 4392 XL.
2174 4339 2218 4390 us
2231 4317 2272 4391 in

418 4421 511 4496 duos
532 4417 647 4492 diuisit
658 4415 790 4490 libros:
818 4415 855 4487 in
869 4413 983 4510 primo
1006 4409 1157 4487 traiiatu
1171 4413 1246 4508 agit
1259 4411 1304 4486 de
1320 4409 1445 4487 summi
1459 4413 1643 4488 Pontificis
1656 4413 1918 4498 iurisdiilione‚
1946 4415 2129 4510 potentia,
2194 4412 2275 4490 lan·

419 4519 549 4593 (litate.
580 4515 616 4589 ln
633 4513 785 4587 secundo
800 4511 936 4608 plangit
952 4508 1118 4586 ecclesiae
1132 4509 1258 4608 pacem
1274 4564 1284 4596 ,
1300 4532 1365 4608 per
1378 4513 1495 4586 dirum
1508 4509 1653 4585 schisma
1668 4531 1860 4586 manuam
1877 4510 2009 4587 XXII
2018 4511 2134 4600 inter,
2155 4514 2193 4593 dr
2205 4512 2274 4589 Pe·

418 4630 507 4693 trum
521 4635 754 4689 conventum
767 4623 933 4684 exortum
947 4663 957 4694 ‚
970 4611 1181 4706 disruptam.
1201 4609 1394 4705 Praecipue
1412 4633 1555 4709 quoque
1572 4609 1731 4684 Guilelmi
1751 4632 1904 4684 ocunur
1917 4611 2273 4692 rvuovrcoBauasa

418 4732 544 4794 contra
568 4732 757 4790 sonituum
778 4706 909 4788 XXII
914 4708 1141 4784 adhaerentis
1153 4707 1340 4806 perfidiam
1354 4710 1535 4784 acerrimis
1549 4709 1666 4784 verbis'
1678 4709 1911 4807 perstringere
1927 4723 2082 4788 conatus
2095 4709 2155 4790 eli.

418 4895 491 4992 ill.
521 4892 683 4982 Aiberti
699 4889 763 4984 M.
794 4887 966 4977 Summa
996 4885 1049 4972 de
1068 4885 1245 4976 mirabili
1267 4884 1550 4977 Eucharistiae
1564 4888 1850 4985 Sacramenta.
1894 4891 2042 4980 Vlmac
2060 4891 2273 5012 perloan.

535 5009 683 5094 Zainer
701 5031 816 5092 anna
837 5031 960 5120 147⁴·
990 5005 1033 5088 in
1053 4997 1128 5096 fol.

513 5184 709 5285 Sequentia
722 5183 814 5259 tituli
829 5184 908 5259 loco
918 5184 954 5257 in
968 5181 1086 5258 fronte
1100 5184 1218 5280 operis
1229 5183 1421 5276 leguntur:
1444 5179 1843 5283 Summaprelucidifflma
1860 5180 1901 5257 de
1912 5131 2062 5262 mirabili
2076 5183 2268 5286 esscbam'flie

418 5289 624 5388 sacramento
637 5279 844 5383 disputabilis
858 5282 898 5364 il
911 5280 1123 5381 predicabilis
1135 5282 1460 5386 deuotifflmisratris
1474 5281 1595 5361 alberti
1607 5285 1724 5383 magui
1744 5284 1784 5359 de
1797 5285 1923 5363 ordinis
1937 5287 2094 5383 fratrum
2107 5284 2270 5463 πῖσ-
