<?xml version="1.0" encoding="UTF-8"?>
<!DOCTYPE html PUBLIC "-//W3C//DTD XHTML 1.0 Transitional//EN"
    "http://www.w3.org/TR/xhtml1/DTD/xhtml1-transitional.dtd">
<html xmlns="http://www.w3.org/1999/xhtml" xml:lang="en" lang="en">
 <head>
  <title>
</title>
<meta http-equiv="Content-Type" content="text/html;charset=utf-8" />
  <meta name='ocr-system' content='tesseract 3.04.00' />
  <meta name='ocr-capabilities' content='ocr_page ocr_carea ocr_par ocr_line ocrx_word'/>
</head>
<body>
  <div class='ocr_page' id='page_1' title='image "./notitiahistoric03biblgoog_0159.png"; bbox 0 0 5400 6284; ppageno 0'>
   <div class='ocr_carea' id='block_1_1' title="bbox 1667 349 1683 390">
    <p class='ocr_par' dir='ltr' id='par_1_1' title="bbox 1667 349 1683 390">
     <span class='ocr_line' id='line_1_1' title="bbox 1667 349 1683 390; baseline 0 0"><span class='ocrx_word' id='word_1_1' title='bbox 1667 349 1683 390; x_wconf 69' lang='lat' dir='ltr'><strong>t</strong></span> 
     </span>
    </p>
   </div>
   <div class='ocr_carea' id='block_1_2' title="bbox 412 513 1598 670">
    <p class='ocr_par' dir='ltr' id='par_1_2' title="bbox 412 513 1598 670">
     <span class='ocr_line' id='line_1_2' title="bbox 412 513 1598 670; baseline -0.039 -48"><span class='ocrx_word' id='word_1_2' title='bbox 412 513 1598 670; x_wconf 21' lang='lat' dir='ltr'><strong>r40&#39;11&#39;&#39;ss5gqss,</strong></span> 
     </span>
    </p>
   </div>
   <div class='ocr_carea' id='block_1_3' title="bbox 263 706 2359 1415">
    <p class='ocr_par' dir='ltr' id='par_1_3' title="bbox 263 706 2359 1415">
     <span class='ocr_line' id='line_1_3' title="bbox 263 706 2259 838; baseline 0.004 -47"><span class='ocrx_word' id='word_1_3' title='bbox 263 827 265 832; x_wconf 23' lang='grc' dir='ltr'>Ι</span> <span class='ocrx_word' id='word_1_4' title='bbox 405 734 578 819; x_wconf 40' lang='lat' dir='ltr'><strong>trannin</strong></span> <span class='ocrx_word' id='word_1_5' title='bbox 596 732 633 804; x_wconf 80' lang='lat' dir='ltr'><strong>in</strong></span> <span class='ocrx_word' id='word_1_6' title='bbox 645 740 790 838; x_wconf 70' lang='lat' dir='ltr'><strong>partes,</strong></span> <span class='ocrx_word' id='word_1_7' title='bbox 817 724 888 799; x_wconf 87' lang='lat' dir='ltr'><strong>srue</strong></span> <span class='ocrx_word' id='word_1_8' title='bbox 901 717 1010 798; x_wconf 83' lang='lat' dir='ltr'><strong>libr&#39;os</strong></span> <span class='ocrx_word' id='word_1_9' title='bbox 1023 718 1133 794; x_wconf 88' lang='lat' dir='ltr'><strong>duos:</strong></span> <span class='ocrx_word' id='word_1_10' title='bbox 1158 717 1196 792; x_wconf 90' lang='lat' dir='ltr'><strong>in</strong></span> <span class='ocrx_word' id='word_1_11' title='bbox 1211 737 1363 809; x_wconf 87' lang='lat' dir='ltr'><strong>quorum</strong></span> <span class='ocrx_word' id='word_1_12' title='bbox 1375 706 1579 814; x_wconf 86' lang='lat' dir='ltr'><strong>primo&#39;agit</strong></span> <span class='ocrx_word' id='word_1_13' title='bbox 1592 718 1636 793; x_wconf 87' lang='lat' dir='ltr'><strong>de</strong></span> <span class='ocrx_word' id='word_1_14' title='bbox 1651 711 1723 794; x_wconf 82' lang='lat' dir='ltr'><strong>aito</strong></span> <span class='ocrx_word' id='word_1_15' title='bbox 1734 719 1849 804; x_wconf 74' lang='lat' dir='ltr'><strong>cirisi,</strong></span> <span class='ocrx_word' id='word_1_16' title='bbox 1874 720 1945 796; x_wconf 81' lang='lat' dir='ltr'><strong>stne</strong></span> <span class='ocrx_word' id='word_1_17' title='bbox 1970 724 2182 818; x_wconf 77' lang='lat' dir='ltr'><strong>temporali,</strong></span> <span class='ocrx_word' id='word_1_18' title='bbox 2219 725 2259 800; x_wconf 80' lang='lat' dir='ltr'><strong>in</strong></span> 
     </span>
     <span class='ocr_line' id='line_1_4' title="bbox 408 813 2359 922; baseline -0.008 -8"><span class='ocrx_word' id='word_1_19' title='bbox 408 838 580 919; x_wconf 71' lang='lat' dir='ltr'><strong>alterode</strong></span> <span class='ocrx_word' id='word_1_20' title='bbox 596 831 669 902; x_wconf 84' lang='lat' dir='ltr'><strong>vita</strong></span> <span class='ocrx_word' id='word_1_21' title='bbox 681 825 860 922; x_wconf 69' lang='lat' dir='ltr'><strong>[piritnasi.</strong></span> <span class='ocrx_word' id='word_1_22' title='bbox 905 818 1049 914; x_wconf 87' lang='lat' dir='ltr'><strong>Scripsrt</strong></span> <span class='ocrx_word' id='word_1_23' title='bbox 1062 816 1199 914; x_wconf 90' lang='lat' dir='ltr'><strong>insuper</strong></span> <span class='ocrx_word' id='word_1_24' title='bbox 1210 813 1403 892; x_wconf 81' lang='lat' dir='ltr'><strong>Historiam</strong></span> <span class='ocrx_word' id='word_1_25' title='bbox 1415 816 1606 914; x_wconf 75' lang='lat' dir='ltr'>Hispaniae</span> <span class='ocrx_word' id='word_1_26' title='bbox 1622 842 1630 890; x_wconf 91' lang='lat'><strong>:</strong></span> <span class='ocrx_word' id='word_1_27' title='bbox 1660 817 1844 892; x_wconf 78' lang='lat' dir='ltr'><strong>Tratiatus</strong></span> <span class='ocrx_word' id='word_1_28' title='bbox 1860 833 1934 893; x_wconf 91' lang='lat' dir='ltr'><strong>tres</strong></span> <span class='ocrx_word' id='word_1_29' title='bbox 1948 823 1993 894; x_wconf 91' lang='lat' dir='ltr'><strong>de</strong></span> <span class='ocrx_word' id='word_1_30' title='bbox 2009 821 2257 917; x_wconf 73' lang='lat' dir='ltr'><strong>Adpellatiane</strong></span> <span class='ocrx_word' id='word_1_31' title='bbox 2356 889 2359 898; x_wconf 84' lang='lat'>.</span> 
     </span>
     <span class='ocr_line' id='line_1_5' title="bbox 409 911 2257 1020; baseline -0.011 -9"><span class='ocrx_word' id='word_1_32' title='bbox 409 965 433 1016; x_wconf 85' lang='lat' dir='ltr'><strong>a</strong></span> <span class='ocrx_word' id='word_1_33' title='bbox 451 933 619 1012; x_wconf 78' lang='lat' dir='ltr'><strong>sententia</strong></span> <span class='ocrx_word' id='word_1_34' title='bbox 640 929 781 1020; x_wconf 80' lang='lat' dir='ltr'>Papae,</span> <span class='ocrx_word' id='word_1_35' title='bbox 808 923 853 995; x_wconf 91' lang='lat' dir='ltr'><strong>de</strong></span> <span class='ocrx_word' id='word_1_36' title='bbox 870 916 1012 1016; x_wconf 83' lang='lat' dir='ltr'><strong>synodis</strong></span> <span class='ocrx_word' id='word_1_37' title='bbox 1024 911 1271 1011; x_wconf 85' lang='lat' dir='ltr'><strong>generalib&#39;us,</strong></span> <span class='ocrx_word' id='word_1_38' title='bbox 1302 915 1394 990; x_wconf 85' lang='lat' dir='ltr'><strong>&amp;de</strong></span> <span class='ocrx_word' id='word_1_39' title='bbox 1406 916 1572 989; x_wconf 77' lang='lat' dir='ltr'><strong>remediis</strong></span> <span class='ocrx_word' id='word_1_40' title='bbox 1588 914 1734 988; x_wconf 78' lang='lat' dir='ltr'><strong>affliiiae</strong></span> <span class='ocrx_word' id='word_1_41' title='bbox 1750 915 1914 991; x_wconf 86' lang='lat' dir='ltr'><strong>ecclesiae</strong></span> <span class='ocrx_word' id='word_1_42' title='bbox 1933 919 2118 993; x_wconf 83' lang='lat' dir='ltr'><strong>militantis</strong></span> <span class='ocrx_word' id='word_1_43' title='bbox 2131 921 2257 993; x_wconf 87' lang='lat' dir='ltr'><strong>aduer-</strong></span> 
     </span>
     <span class='ocr_line' id='line_1_6' title="bbox 410 1011 2259 1208; baseline -0.015 -92"><span class='ocrx_word' id='word_1_44' title='bbox 410 1024 774 1208; x_wconf 47' lang='lat' dir='ltr'><strong>susgnppacctandem</strong></span> <span class='ocrx_word' id='word_1_45' title='bbox 790 1018 981 1116; x_wconf 85' lang='lat' dir='ltr'><strong>Epistolam</strong></span> <span class='ocrx_word' id='word_1_46' title='bbox 996 1016 1040 1090; x_wconf 90' lang='lat' dir='ltr'><strong>de</strong></span> <span class='ocrx_word' id='word_1_47' title='bbox 1057 1014 1323 1111; x_wconf 82' lang='lat' dir='ltr'><strong>expugnatione</strong></span> <span class='ocrx_word' id='word_1_48' title='bbox 1336 1011 1466 1087; x_wconf 82' lang='lat' dir='ltr'><strong>insulae</strong></span> <span class='ocrx_word' id='word_1_49' title='bbox 1479 1013 1721 1110; x_wconf 80' lang='lat' dir='ltr'><strong>Nigropontis.</strong></span> <span class='ocrx_word' id='word_1_50' title='bbox 1771 1013 1879 1090; x_wconf 87' lang='lat' dir='ltr'><strong>Henr.</strong></span> <span class='ocrx_word' id='word_1_51' title='bbox 1901 1038 2102 1092; x_wconf 78' lang='lat' dir='ltr'><strong>aaawoan</strong></span> <span class='ocrx_word' id='word_1_52' title='bbox 2128 1020 2165 1091; x_wconf 88' lang='lat' dir='ltr'><strong>ia</strong></span> <span class='ocrx_word' id='word_1_53' title='bbox 2179 1016 2259 1094; x_wconf 70' lang='lat' dir='ltr'><strong>Ais·</strong></span> 
     </span>
     <span class='ocr_line' id='line_1_7' title="bbox 437 1127 2018 1217; baseline 0.005 -7"><span class='ocrx_word' id='word_1_54' title='bbox 437 1163 507 1211; x_wconf 86' lang='lat' dir='ltr'><strong>eu.</strong></span> <span class='ocrx_word' id='word_1_55' title='bbox 571 1128 847 1217; x_wconf 71' lang='lat' dir='ltr'><strong>-&#39;w·r²·185·</strong></span> <span class='ocrx_word' id='word_1_56' title='bbox 1826 1183 1830 1188; x_wconf 96' lang='lat'>·</span> <span class='ocrx_word' id='word_1_57' title='bbox 1938 1127 1943 1134; x_wconf 39' lang='lat'><em>⁶</em></span> <span class='ocrx_word' id='word_1_58' title='bbox 2013 1185 2018 1194; x_wconf 94' lang='lat'>·</span> 
     </span>
     <span class='ocr_line' id='line_1_8' title="bbox 409 1165 2264 1307; baseline -0.01 -4"><span class='ocrx_word' id='word_1_59' title='bbox 409 1165 435 1240; x_wconf 62' lang='lat' dir='ltr'><em>p</em></span> <span class='ocrx_word' id='word_1_60' title='bbox 512 1228 626 1302; x_wconf 74' lang='lat' dir='ltr'><strong>Editio</strong></span> <span class='ocrx_word' id='word_1_61' title='bbox 644 1225 732 1294; x_wconf 84' lang='lat' dir='ltr'><strong>haec</strong></span> <span class='ocrx_word' id='word_1_62' title='bbox 745 1218 828 1290; x_wconf 89' lang='lat' dir='ltr'><strong>licet</strong></span> <span class='ocrx_word' id='word_1_63' title='bbox 842 1211 1009 1288; x_wconf 77' lang='lat' dir='ltr'><strong>rarissima</strong></span> <span class='ocrx_word' id='word_1_64' title='bbox 1021 1209 1087 1285; x_wconf 80' lang='lat' dir='ltr'><strong>nc·</strong></span> <span class='ocrx_word' id='word_1_65' title='bbox 1108 1221 1317 1282; x_wconf 86' lang='lat' dir='ltr'><strong>tamennon</strong></span> <span class='ocrx_word' id='word_1_66' title='bbox 1332 1204 1554 1283; x_wconf 85' lang='lat' dir='ltr'><strong>estomnium</strong></span> <span class='ocrx_word' id='word_1_67' title='bbox 1567 1208 1706 1304; x_wconf 56' lang='lat' dir='ltr'><strong>primaru</strong></span> <span class='ocrx_word' id='word_1_68' title='bbox 1740 1207 2100 1307; x_wconf 85' lang='lat' dir='ltr'><strong>praeceditenimilla</strong></span> <span class='ocrx_word' id='word_1_69' title='bbox 2126 1213 2264 1286; x_wconf 88' lang='lat' dir='ltr'><strong>Roma·</strong></span> 
     </span>
     <span class='ocr_line' id='line_1_9' title="bbox 268 1305 2261 1415; baseline -0.01 -10"><span class='ocrx_word' id='word_1_70' title='bbox 268 1365 270 1369; x_wconf 96' lang='lat'>·</span> <span class='ocrx_word' id='word_1_71' title='bbox 409 1357 459 1412; x_wconf 86' lang='lat' dir='ltr'><strong>na</strong></span> <span class='ocrx_word' id='word_1_72' title='bbox 477 1349 572 1403; x_wconf 81' lang='lat' dir='ltr'><strong>arroo</strong></span> <span class='ocrx_word' id='word_1_73' title='bbox 590 1326 685 1415; x_wconf 82' lang='lat'><strong>¹4⁶8</strong></span> <span class='ocrx_word' id='word_1_74' title='bbox 710 1310 1011 1409; x_wconf 72' lang='lat' dir='ltr'><strong>ascaeeqnaerm,</strong></span> <span class='ocrx_word' id='word_1_75' title='bbox 1038 1307 1078 1385; x_wconf 74' lang='lat' dir='ltr'><strong>ta</strong></span> <span class='ocrx_word' id='word_1_76' title='bbox 1103 1305 1336 1381; x_wconf 82' lang='lat' dir='ltr'><strong>Panaartzin</strong></span> <span class='ocrx_word' id='word_1_77' title='bbox 1351 1305 1470 1380; x_wconf 88' lang='lat' dir='ltr'><strong>lucem</strong></span> <span class='ocrx_word' id='word_1_78' title='bbox 1484 1307 1626 1394; x_wconf 76' lang='lat' dir='ltr'><strong>emissa,</strong></span> <span class='ocrx_word' id='word_1_79' title='bbox 1650 1309 1751 1384; x_wconf 91' lang='lat' dir='ltr'><strong>cuius</strong></span> <span class='ocrx_word' id='word_1_80' title='bbox 1763 1306 1817 1382; x_wconf 83' lang='lat' dir='ltr'><strong>ct</strong></span> <span class='ocrx_word' id='word_1_81' title='bbox 1833 1329 2109 1389; x_wconf 79' lang='lat' dir='ltr'><strong>aroarraanvs</strong></span> <span class='ocrx_word' id='word_1_82' title='bbox 2134 1311 2173 1386; x_wconf 92' lang='lat' dir='ltr'><strong>in</strong></span> <span class='ocrx_word' id='word_1_83' title='bbox 2192 1307 2261 1385; x_wconf 86' lang='lat' dir='ltr'><strong>Ca·</strong></span> 
     </span>
    </p>
   </div>
   <div class='ocr_carea' id='block_1_4' title="bbox 259 1410 1019 1528">
    <p class='ocr_par' dir='ltr' id='par_1_4' title="bbox 259 1410 1019 1528">
     <span class='ocr_line' id='line_1_10' title="bbox 259 1410 1019 1528; baseline -0.042 -14"><span class='ocrx_word' id='word_1_84' title='bbox 259 1471 264 1480; x_wconf 89' lang='lat'><em>·</em></span> <span class='ocrx_word' id='word_1_85' title='bbox 411 1435 474 1528; x_wconf 77' lang='lat' dir='ltr'><strong>tas.</strong></span> <span class='ocrx_word' id='word_1_86' title='bbox 491 1426 590 1502; x_wconf 84' lang='lat' dir='ltr'><strong>Rom.</strong></span> <span class='ocrx_word' id='word_1_87' title='bbox 608 1417 706 1495; x_wconf 75' lang='lat' dir='ltr'><strong>Edit.</strong></span> <span class='ocrx_word' id='word_1_88' title='bbox 734 1436 769 1514; x_wconf 91' lang='lat' dir='ltr'><strong>p.</strong></span> <span class='ocrx_word' id='word_1_89' title='bbox 786 1436 829 1488; x_wconf 84' lang='lat' dir='ltr'><strong>rt</strong></span> <span class='ocrx_word' id='word_1_90' title='bbox 844 1410 1019 1486; x_wconf 84' lang='lat' dir='ltr'><strong>meminit</strong></span> 
     </span>
    </p>
   </div>
   <div class='ocr_carea' id='block_1_5' title="bbox 342 1493 2368 1820">
    <p class='ocr_par' dir='ltr' id='par_1_5' title="bbox 342 1493 2368 1820">
     <span class='ocr_line' id='line_1_11' title="bbox 342 1493 2259 1721; baseline -0.024 -19"><span class='ocrx_word' id='word_1_91' title='bbox 342 1571 345 1580; x_wconf 26' lang='grc' dir='ltr'>Ι</span> <span class='ocrx_word' id='word_1_92' title='bbox 413 1610 489 1703; x_wconf 83' lang='lat' dir='ltr'><strong>tx,</strong></span> <span class='ocrx_word' id='word_1_93' title='bbox 519 1603 558 1691; x_wconf 88' lang='lat' dir='ltr'><strong>S.</strong></span> <span class='ocrx_word' id='word_1_94' title='bbox 574 1597 767 1686; x_wconf 75' lang='lat' dir='ltr'><strong>Thaenae</strong></span> <span class='ocrx_word' id='word_1_95' title='bbox 781 1588 1008 1721; x_wconf 80' lang='lat' dir='ltr'><strong>Aquinatis</strong></span> <span class='ocrx_word' id='word_1_96' title='bbox 1029 1582 1162 1700; x_wconf 82' lang='lat' dir='ltr'><strong>prima</strong></span> <span class='ocrx_word' id='word_1_97' title='bbox 1181 1606 1275 1697; x_wconf 82' lang='lat' dir='ltr'><strong>paro</strong></span> <span class='ocrx_word' id='word_1_98' title='bbox 1291 1493 1525 1680; x_wconf 70' lang='lat' dir='ltr'><strong>Secundae,</strong></span> <span class='ocrx_word' id='word_1_99' title='bbox 1554 1582 1892 1701; x_wconf 83' lang='lat' dir='ltr'><strong>Mogontiacpcr</strong></span> <span class='ocrx_word' id='word_1_100' title='bbox 1908 1585 2259 1679; x_wconf 74' lang='lat' dir='ltr'><strong>Petromschoif.</strong></span> 
     </span>
     <span class='ocr_line' id='line_1_12' title="bbox 530 1698 2368 1820; baseline -0.036 -15"><span class='ocrx_word' id='word_1_101' title='bbox 530 1713 721 1804; x_wconf 80' lang='lat' dir='ltr'><strong>seranna</strong></span> <span class='ocrx_word' id='word_1_102' title='bbox 741 1729 864 1820; x_wconf 83' lang='lat'><strong>1471.¹</strong></span> <span class='ocrx_word' id='word_1_103' title='bbox 892 1698 1024 1789; x_wconf 84' lang='lat' dir='ltr'><strong>rasos.</strong></span> <span class='ocrx_word' id='word_1_104' title='bbox 1048 1724 1156 1811; x_wconf 87' lang='lat' dir='ltr'><strong>mag.</strong></span> <span class='ocrx_word' id='word_1_105' title='bbox 2265 1759 2270 1768; x_wconf 22' lang='grc' dir='ltr'>ι</span> <span class='ocrx_word' id='word_1_106' title='bbox 2321 1751 2325 1758; x_wconf 47' lang='grc'><strong>,</strong></span> <span class='ocrx_word' id='word_1_107' title='bbox 2365 1733 2368 1738; x_wconf 84' lang='grc'>,</span> 
     </span>
    </p>
   </div>
   <div class='ocr_carea' id='block_1_6' title="bbox 314 1870 2325 3559">
    <p class='ocr_par' dir='ltr' id='par_1_6' title="bbox 414 1870 2269 2377">
     <span class='ocr_line' id='line_1_13' title="bbox 514 1870 2266 1983; baseline -0.012 -9"><span class='ocrx_word' id='word_1_108' title='bbox 514 1898 695 1976; x_wconf 79' lang='lat' dir='ltr'><strong>Litterae,</strong></span> <span class='ocrx_word' id='word_1_109' title='bbox 722 1885 851 1983; x_wconf 80' lang='lat' dir='ltr'><strong>quibus</strong></span> <span class='ocrx_word' id='word_1_110' title='bbox 865 1875 1067 1977; x_wconf 88' lang='lat' dir='ltr'><strong>impressum</strong></span> <span class='ocrx_word' id='word_1_111' title='bbox 1080 1871 1306 1970; x_wconf 84' lang='lat' dir='ltr'><strong>estpraesens</strong></span> <span class='ocrx_word' id='word_1_112' title='bbox 1322 1894 1436 1969; x_wconf 78' lang='lat' dir='ltr'><strong>opos,</strong></span> <span class='ocrx_word' id='word_1_113' title='bbox 1461 1870 1541 1950; x_wconf 90' lang='lat' dir='ltr'><strong>sunt</strong></span> <span class='ocrx_word' id='word_1_114' title='bbox 1560 1873 1726 1972; x_wconf 79' lang='lat' dir='ltr'><strong>gothicae</strong></span> <span class='ocrx_word' id='word_1_115' title='bbox 1743 1873 1981 1964; x_wconf 79' lang='lat' dir='ltr'><strong>minusculae,</strong></span> <span class='ocrx_word' id='word_1_116' title='bbox 2005 1877 2161 1977; x_wconf 81' lang='lat' dir='ltr'><strong>&amp;plane</strong></span> <span class='ocrx_word' id='word_1_117' title='bbox 2180 1903 2266 1958; x_wconf 87' lang='lat' dir='ltr'><strong>eae·</strong></span> 
     </span>
     <span class='ocr_line' id='line_1_14' title="bbox 414 1969 2265 2092; baseline -0.009 -21"><span class='ocrx_word' id='word_1_118' title='bbox 414 2004 522 2086; x_wconf 76' lang='lat' dir='ltr'><strong>dem,</strong></span> <span class='ocrx_word' id='word_1_119' title='bbox 553 1993 682 2092; x_wconf 86' lang='lat' dir='ltr'><strong>quibus</strong></span> <span class='ocrx_word' id='word_1_120' title='bbox 707 1983 746 2062; x_wconf 86' lang='lat' dir='ltr'><strong>S.</strong></span> <span class='ocrx_word' id='word_1_121' title='bbox 759 2002 924 2059; x_wconf 78' lang='lat' dir='ltr'><strong>anonae</strong></span> <span class='ocrx_word' id='word_1_122' title='bbox 938 1987 1096 2075; x_wconf 74' lang='lat' dir='ltr'><strong>quanam</strong></span> <span class='ocrx_word' id='word_1_123' title='bbox 1110 1969 1276 2071; x_wconf 82' lang='lat' dir='ltr'><strong>scriptam</strong></span> <span class='ocrx_word' id='word_1_124' title='bbox 1289 1969 1390 2067; x_wconf 86' lang='lat' dir='ltr'><strong>supra</strong></span> <span class='ocrx_word' id='word_1_125' title='bbox 1410 1970 1620 2070; x_wconf 88' lang='lat' dir='ltr'><strong>descriptum</strong></span> <span class='ocrx_word' id='word_1_126' title='bbox 1639 1996 1735 2049; x_wconf 88' lang='lat' dir='ltr'><strong>anno</strong></span> <span class='ocrx_word' id='word_1_127' title='bbox 1754 1976 1847 2070; x_wconf 79' lang='lat'>1469</span> <span class='ocrx_word' id='word_1_128' title='bbox 1863 1974 2031 2052; x_wconf 86' lang='lat' dir='ltr'><strong>excusum</strong></span> <span class='ocrx_word' id='word_1_129' title='bbox 2050 1977 2111 2056; x_wconf 72' lang='lat' dir='ltr'><strong>est.</strong></span> <span class='ocrx_word' id='word_1_130' title='bbox 2143 1979 2265 2064; x_wconf 90' lang='lat' dir='ltr'><strong>Quae·</strong></span> 
     </span>
     <span class='ocr_line' id='line_1_15' title="bbox 417 2070 2268 2196; baseline -0.014 -19"><span class='ocrx_word' id='word_1_131' title='bbox 417 2103 472 2177; x_wconf 90' lang='lat' dir='ltr'><strong>uis</strong></span> <span class='ocrx_word' id='word_1_132' title='bbox 485 2096 614 2196; x_wconf 86' lang='lat' dir='ltr'><strong>pagina</strong></span> <span class='ocrx_word' id='word_1_133' title='bbox 630 2084 769 2163; x_wconf 87' lang='lat' dir='ltr'><strong>induas</strong></span> <span class='ocrx_word' id='word_1_134' title='bbox 788 2080 837 2156; x_wconf 87' lang='lat' dir='ltr'><strong>est</strong></span> <span class='ocrx_word' id='word_1_135' title='bbox 851 2074 1008 2153; x_wconf 76' lang='lat' dir='ltr'><strong>distinsta</strong></span> <span class='ocrx_word' id='word_1_136' title='bbox 1023 2072 1232 2155; x_wconf 86' lang='lat' dir='ltr'><strong>columnas,</strong></span> <span class='ocrx_word' id='word_1_137' title='bbox 1259 2092 1410 2166; x_wconf 86' lang='lat' dir='ltr'><strong>quarum</strong></span> <span class='ocrx_word' id='word_1_138' title='bbox 1426 2072 1604 2166; x_wconf 88' lang='lat' dir='ltr'><strong>quaelibet</strong></span> <span class='ocrx_word' id='word_1_139' title='bbox 1629 2077 1673 2149; x_wconf 87' lang='lat'><strong>61</strong></span> <span class='ocrx_word' id='word_1_140' title='bbox 1697 2070 1942 2170; x_wconf 79' lang='lat' dir='ltr'><strong>compiettitur</strong></span> <span class='ocrx_word' id='word_1_141' title='bbox 1958 2076 2101 2156; x_wconf 68' lang='lat' dir='ltr'><strong>lineae.</strong></span> <span class='ocrx_word' id='word_1_142' title='bbox 2131 2073 2268 2152; x_wconf 84' lang='lat' dir='ltr'><strong>Csrarta</strong></span> 
     </span>
     <span class='ocr_line' id='line_1_16' title="bbox 418 2166 2269 2277; baseline -0.021 -4"><span class='ocrx_word' id='word_1_143' title='bbox 418 2199 469 2277; x_wconf 81' lang='lat' dir='ltr'><strong>esi</strong></span> <span class='ocrx_word' id='word_1_144' title='bbox 484 2197 563 2269; x_wconf 83' lang='lat' dir='ltr'><strong>alba</strong></span> <span class='ocrx_word' id='word_1_145' title='bbox 575 2178 820 2264; x_wconf 87' lang='lat' dir='ltr'><strong>admodum&amp;</strong></span> <span class='ocrx_word' id='word_1_146' title='bbox 835 2177 947 2250; x_wconf 81' lang='lat' dir='ltr'><strong>firma</strong></span> <span class='ocrx_word' id='word_1_147' title='bbox 997 2168 1133 2246; x_wconf 90' lang='lat' dir='ltr'><strong>Desunt</strong></span> <span class='ocrx_word' id='word_1_148' title='bbox 1153 2166 1377 2262; x_wconf 83' lang='lat' dir='ltr'><strong>fignatnrae,</strong></span> <span class='ocrx_word' id='word_1_149' title='bbox 1401 2167 1586 2255; x_wconf 81' lang='lat' dir='ltr'><strong>custodes,</strong></span> <span class='ocrx_word' id='word_1_150' title='bbox 1617 2171 1827 2266; x_wconf 86' lang='lat' dir='ltr'><strong>paginarum</strong></span> <span class='ocrx_word' id='word_1_151' title='bbox 1848 2174 2016 2260; x_wconf 83' lang='lat' dir='ltr'><strong>numeri,</strong></span> <span class='ocrx_word' id='word_1_152' title='bbox 2043 2173 2198 2250; x_wconf 70' lang='lat' dir='ltr'><strong>initiales</strong></span> <span class='ocrx_word' id='word_1_153' title='bbox 2210 2173 2269 2252; x_wconf 66' lang='lat' dir='ltr'><strong>iit.</strong></span> 
     </span>
     <span class='ocr_line' id='line_1_17' title="bbox 418 2264 1419 2377; baseline -0.024 -15"><span class='ocrx_word' id='word_1_154' title='bbox 418 2313 541 2377; x_wconf 59' lang='lat' dir='ltr'><strong>utae,</strong></span> <span class='ocrx_word' id='word_1_155' title='bbox 569 2289 608 2366; x_wconf 69' lang='grc' dir='ltr'>ἀ</span> <span class='ocrx_word' id='word_1_156' title='bbox 622 2280 726 2361; x_wconf 83' lang='lat' dir='ltr'><strong>tituli.</strong></span> <span class='ocrx_word' id='word_1_157' title='bbox 765 2273 911 2352; x_wconf 87' lang='lat' dir='ltr'><strong>Constat</strong></span> <span class='ocrx_word' id='word_1_158' title='bbox 925 2271 1105 2364; x_wconf 88' lang='lat' dir='ltr'><strong>integrum</strong></span> <span class='ocrx_word' id='word_1_159' title='bbox 1122 2288 1213 2362; x_wconf 91' lang='lat' dir='ltr'><strong>opus</strong></span> <span class='ocrx_word' id='word_1_160' title='bbox 1225 2264 1318 2338; x_wconf 81' lang='lat' dir='ltr'><strong>soliis</strong></span> <span class='ocrx_word' id='word_1_161' title='bbox 1339 2289 1419 2361; x_wconf 78' lang='lat'><strong>¹75·</strong></span> 
     </span>
    </p>

    <p class='ocr_par' dir='ltr' id='par_1_7' title="bbox 518 2351 2269 2474">
     <span class='ocr_line' id='line_1_18' title="bbox 518 2351 2269 2474; baseline -0.01 -8"><span class='ocrx_word' id='word_1_162' title='bbox 518 2391 558 2468; x_wconf 89' lang='lat' dir='ltr'><strong>ln</strong></span> <span class='ocrx_word' id='word_1_163' title='bbox 573 2386 691 2463; x_wconf 82' lang='lat' dir='ltr'><strong>fronte</strong></span> <span class='ocrx_word' id='word_1_164' title='bbox 705 2377 841 2474; x_wconf 85' lang='lat' dir='ltr'><strong>primae</strong></span> <span class='ocrx_word' id='word_1_165' title='bbox 863 2370 1050 2446; x_wconf 78' lang='lat' dir='ltr'><strong>colunnae</strong></span> <span class='ocrx_word' id='word_1_166' title='bbox 1073 2363 1148 2439; x_wconf 87' lang='lat' dir='ltr'><strong>solii</strong></span> <span class='ocrx_word' id='word_1_167' title='bbox 1163 2362 1272 2460; x_wconf 85' lang='lat' dir='ltr'><strong>primi</strong></span> <span class='ocrx_word' id='word_1_168' title='bbox 1288 2361 1439 2459; x_wconf 84' lang='lat' dir='ltr'><strong>sequens</strong></span> <span class='ocrx_word' id='word_1_169' title='bbox 1456 2360 1633 2461; x_wconf 84' lang='lat' dir='ltr'><strong>inscriptio</strong></span> <span class='ocrx_word' id='word_1_170' title='bbox 1656 2366 1763 2440; x_wconf 84' lang='lat' dir='ltr'><strong>rubro</strong></span> <span class='ocrx_word' id='word_1_171' title='bbox 1786 2366 1905 2444; x_wconf 86' lang='lat' dir='ltr'><strong>colore</strong></span> <span class='ocrx_word' id='word_1_172' title='bbox 1931 2351 2094 2466; x_wconf 83' lang='lat' dir='ltr'><strong>impressa</strong></span> <span class='ocrx_word' id='word_1_173' title='bbox 2116 2369 2269 2466; x_wconf 88' lang='lat' dir='ltr'><strong>legitur:</strong></span> 
     </span>
    </p>

    <p class='ocr_par' dir='ltr' id='par_1_8' title="bbox 319 2459 2325 3173">
     <span class='ocr_line' id='line_1_19' title="bbox 319 2459 2272 2589; baseline -0.012 -31"><span class='ocrx_word' id='word_1_174' title='bbox 319 2497 325 2508; x_wconf 87' lang='lat'>&#39;</span> <span class='ocrx_word' id='word_1_175' title='bbox 423 2492 547 2589; x_wconf 64' lang='lat' dir='ltr'><strong>incipit</strong></span> <span class='ocrx_word' id='word_1_176' title='bbox 557 2486 669 2584; x_wconf 77' lang='lat' dir='ltr'><strong>prima</strong></span> <span class='ocrx_word' id='word_1_177' title='bbox 683 2500 766 2576; x_wconf 83' lang='lat' dir='ltr'><strong>pars</strong></span> <span class='ocrx_word' id='word_1_178' title='bbox 773 2468 916 2571; x_wconf 76' lang='lat' dir='ltr'><strong>secanae</strong></span> <span class='ocrx_word' id='word_1_179' title='bbox 929 2467 1019 2541; x_wconf 86' lang='lat' dir='ltr'><strong>edita</strong></span> <span class='ocrx_word' id='word_1_180' title='bbox 1033 2466 1176 2562; x_wconf 84' lang='lat' dir='ltr'><strong>afratrr</strong></span> <span class='ocrx_word' id='word_1_181' title='bbox 1196 2459 1323 2534; x_wconf 80' lang='lat' dir='ltr'><strong>Tionta</strong></span> <span class='ocrx_word' id='word_1_182' title='bbox 1342 2459 1381 2534; x_wconf 79' lang='lat' dir='ltr'><strong>de</strong></span> <span class='ocrx_word' id='word_1_183' title='bbox 1399 2461 1551 2556; x_wconf 69' lang='lat' dir='ltr'><strong>Aruina.</strong></span> <span class='ocrx_word' id='word_1_184' title='bbox 1605 2462 1725 2538; x_wconf 85' lang='lat' dir='ltr'><strong>Prima</strong></span> <span class='ocrx_word' id='word_1_185' title='bbox 1738 2463 1813 2539; x_wconf 86' lang='lat' dir='ltr'><strong>solii</strong></span> <span class='ocrx_word' id='word_1_186' title='bbox 1831 2493 1845 2541; x_wconf 88' lang='lat'>1</span> <span class='ocrx_word' id='word_1_187' title='bbox 1878 2490 1898 2541; x_wconf 86' lang='lat'><em>2</em></span> <span class='ocrx_word' id='word_1_188' title='bbox 1916 2469 2082 2544; x_wconf 83' lang='lat' dir='ltr'><strong>columna</strong></span> <span class='ocrx_word' id='word_1_189' title='bbox 2093 2493 2185 2566; x_wconf 87' lang='lat' dir='ltr'><strong>opus</strong></span> <span class='ocrx_word' id='word_1_190' title='bbox 2199 2483 2272 2546; x_wconf 81' lang='lat' dir='ltr'><strong>ter.</strong></span> 
     </span>
     <span class='ocr_line' id='line_1_20' title="bbox 422 2490 2272 2684; baseline -0.007 -30"><span class='ocrx_word' id='word_1_191' title='bbox 422 2596 602 2670; x_wconf 60' lang='lat' dir='ltr'><strong>minatur,</strong></span> <span class='ocrx_word' id='word_1_192' title='bbox 628 2574 780 2684; x_wconf 81' lang='lat' dir='ltr'><strong>secunda</strong></span> <span class='ocrx_word' id='word_1_193' title='bbox 792 2567 949 2664; x_wconf 89' lang='lat' dir='ltr'><strong>sequitur</strong></span> <span class='ocrx_word' id='word_1_194' title='bbox 967 2562 1211 2659; x_wconf 87' lang='lat' dir='ltr'><strong>quaestionum</strong></span> <span class='ocrx_word' id='word_1_195' title='bbox 1226 2559 1357 2672; x_wconf 71' lang='lat' dir='ltr'><strong>tabula,</strong></span> <span class='ocrx_word' id='word_1_196' title='bbox 1382 2561 1427 2633; x_wconf 88' lang='lat' dir='ltr'><strong>ad</strong></span> <span class='ocrx_word' id='word_1_197' title='bbox 1444 2562 1547 2636; x_wconf 85' lang='lat' dir='ltr'><strong>cuius</strong></span> <span class='ocrx_word' id='word_1_198' title='bbox 1563 2559 1671 2635; x_wconf 83' lang='lat' dir='ltr'><strong>tinem</strong></span> <span class='ocrx_word' id='word_1_199' title='bbox 1687 2490 2047 2664; x_wconf 66' lang='lat' dir='ltr'><strong>sequensiubscriptio</strong></span> <span class='ocrx_word' id='word_1_200' title='bbox 2061 2568 2162 2661; x_wconf 88' lang='lat' dir='ltr'><strong>nigro</strong></span> <span class='ocrx_word' id='word_1_201' title='bbox 2176 2569 2272 2642; x_wconf 91' lang='lat' dir='ltr'><strong>colo·</strong></span> 
     </span>
     <span class='ocr_line' id='line_1_21' title="bbox 424 2657 2273 2781; baseline -0.009 -23"><span class='ocrx_word' id='word_1_202' title='bbox 424 2716 464 2769; x_wconf 78' lang='lat' dir='ltr'><strong>re</strong></span> <span class='ocrx_word' id='word_1_203' title='bbox 483 2679 640 2781; x_wconf 82' lang='lat' dir='ltr'><strong>expressa</strong></span> <span class='ocrx_word' id='word_1_204' title='bbox 657 2678 859 2754; x_wconf 86' lang='lat' dir='ltr'><strong>inuerutur:</strong></span> <span class='ocrx_word' id='word_1_205' title='bbox 890 2663 1083 2739; x_wconf 87' lang='lat' dir='ltr'><strong>Precsarara</strong></span> <span class='ocrx_word' id='word_1_206' title='bbox 1101 2657 1161 2731; x_wconf 80' lang='lat' dir='ltr'><strong>boc</strong></span> <span class='ocrx_word' id='word_1_207' title='bbox 1184 2682 1267 2754; x_wconf 84' lang='lat' dir='ltr'><strong>opnr</strong></span> <span class='ocrx_word' id='word_1_208' title='bbox 1289 2682 1397 2755; x_wconf 58' lang='lat' dir='ltr'><strong>arnae</strong></span> <span class='ocrx_word' id='word_1_209' title='bbox 1408 2657 1656 2754; x_wconf 75' lang='lat' dir='ltr'><strong>secandefirntir&#39;</strong></span> <span class='ocrx_word' id='word_1_210' title='bbox 1669 2658 1775 2733; x_wconf 77' lang='lat' dir='ltr'><strong>titanae</strong></span> <span class='ocrx_word' id='word_1_211' title='bbox 1791 2662 1830 2735; x_wconf 86' lang='lat' dir='ltr'><strong>de</strong></span> <span class='ocrx_word' id='word_1_212' title='bbox 1855 2668 1988 2759; x_wconf 84' lang='lat' dir='ltr'><strong>aquino.</strong></span> <span class='ocrx_word' id='word_1_213' title='bbox 2004 2666 2110 2740; x_wconf 79' lang='lat' dir='ltr'><strong>Asana</strong></span> <span class='ocrx_word' id='word_1_214' title='bbox 2136 2668 2172 2740; x_wconf 85' lang='lat' dir='ltr'><strong>in</strong></span> <span class='ocrx_word' id='word_1_215' title='bbox 2194 2663 2273 2742; x_wconf 86' lang='lat' dir='ltr'><strong>arbe</strong></span> 
     </span>
     <span class='ocr_line' id='line_1_22' title="bbox 423 2756 2325 2887; baseline -0.015 -22"><span class='ocrx_word' id='word_1_216' title='bbox 423 2782 634 2887; x_wconf 73' lang='lat' dir='ltr'><strong>moguntina.</strong></span> <span class='ocrx_word' id='word_1_217' title='bbox 648 2773 759 2849; x_wconf 83' lang='lat' dir='ltr'><strong>inclite</strong></span> <span class='ocrx_word' id='word_1_218' title='bbox 774 2765 922 2842; x_wconf 83' lang='lat' dir='ltr'><strong>notionis</strong></span> <span class='ocrx_word' id='word_1_219' title='bbox 931 2759 1128 2861; x_wconf 82' lang='lat' dir='ltr'><strong>germanice.</strong></span> <span class='ocrx_word' id='word_1_220' title='bbox 1141 2779 1241 2851; x_wconf 84' lang='lat' dir='ltr'><strong>qaam</strong></span> <span class='ocrx_word' id='word_1_221' title='bbox 1257 2756 1309 2830; x_wconf 85' lang='lat' dir='ltr'><strong>dei</strong></span> <span class='ocrx_word' id='word_1_222' title='bbox 1324 2757 1492 2829; x_wconf 84' lang='lat' dir='ltr'><strong>csenrratr&#39;a</strong></span> <span class='ocrx_word' id='word_1_223' title='bbox 1512 2767 1581 2828; x_wconf 85' lang='lat' dir='ltr'><strong>tara</strong></span> <span class='ocrx_word' id='word_1_224' title='bbox 1596 2757 1660 2830; x_wconf 88' lang='lat' dir='ltr'><strong>asti</strong></span> <span class='ocrx_word' id='word_1_225' title='bbox 1681 2759 1809 2855; x_wconf 81' lang='lat' dir='ltr'><strong>ingenii</strong></span> <span class='ocrx_word' id='word_1_226' title='bbox 1821 2762 1955 2839; x_wconf 83' lang='lat' dir='ltr'><strong>iumine.</strong></span> <span class='ocrx_word' id='word_1_227' title='bbox 1969 2766 2118 2861; x_wconf 84' lang='lat' dir='ltr'><strong>donoque</strong></span> <span class='ocrx_word' id='word_1_228' title='bbox 2138 2767 2274 2862; x_wconf 80' lang='lat' dir='ltr'><strong>gratari·</strong></span> <span class='ocrx_word' id='word_1_229' title='bbox 2322 2821 2325 2826; x_wconf 82' lang='lat'>.</span> 
     </span>
     <span class='ocr_line' id='line_1_23' title="bbox 425 2852 2276 2965; baseline -0.016 0"><span class='ocrx_word' id='word_1_230' title='bbox 425 2904 475 2965; x_wconf 85' lang='lat' dir='ltr'><strong>tn.</strong></span> <span class='ocrx_word' id='word_1_231' title='bbox 493 2880 607 2959; x_wconf 82' lang='lat' dir='ltr'><strong>ceteris</strong></span> <span class='ocrx_word' id='word_1_232' title='bbox 622 2885 790 2949; x_wconf 80' lang='lat' dir='ltr'><strong>terraram</strong></span> <span class='ocrx_word' id='word_1_233' title='bbox 814 2857 1009 2938; x_wconf 81' lang='lat' dir='ltr'><strong>nacionibus</strong></span> <span class='ocrx_word' id='word_1_234' title='bbox 1024 2858 1172 2955; x_wconf 81' lang='lat' dir='ltr'><strong>preferre</strong></span> <span class='ocrx_word' id='word_1_235' title='bbox 1191 2852 1414 2952; x_wconf 82' lang='lat' dir='ltr'><strong>issnflrarequr</strong></span> <span class='ocrx_word' id='word_1_236' title='bbox 1430 2855 1572 2950; x_wconf 77' lang='lat' dir='ltr'><strong>dignata</strong></span> <span class='ocrx_word' id='word_1_237' title='bbox 1585 2857 1635 2954; x_wconf 77' lang='lat' dir='ltr'><strong>est.</strong></span> <span class='ocrx_word' id='word_1_238' title='bbox 1675 2853 1873 2954; x_wconf 81' lang='lat' dir='ltr'><strong>Artificiofir</strong></span> <span class='ocrx_word' id='word_1_239' title='bbox 1889 2860 2034 2956; x_wconf 78' lang='lat' dir='ltr'><strong>quadam</strong></span> <span class='ocrx_word' id='word_1_240' title='bbox 2062 2863 2276 2936; x_wconf 82' lang='lat' dir='ltr'><strong>odianeaaio-</strong></span> 
     </span>
     <span class='ocr_line' id='line_1_24' title="bbox 425 2950 2277 3126; baseline -0.019 -62"><span class='ocrx_word' id='word_1_241' title='bbox 425 3015 467 3065; x_wconf 88' lang='lat' dir='ltr'><strong>nc</strong></span> <span class='ocrx_word' id='word_1_242' title='bbox 480 2971 688 3082; x_wconf 77' lang='lat' dir='ltr'><strong>imprimendi</strong></span> <span class='ocrx_word' id='word_1_243' title='bbox 702 2965 766 3067; x_wconf 82' lang='lat' dir='ltr'><strong>sca</strong></span> <span class='ocrx_word' id='word_1_244' title='bbox 785 2954 1050 3039; x_wconf 76' lang='lat' dir='ltr'><strong>carabierizondi</strong></span> <span class='ocrx_word' id='word_1_245' title='bbox 1062 2950 1180 3052; x_wconf 80' lang='lat' dir='ltr'><strong>absque</strong></span> <span class='ocrx_word' id='word_1_246' title='bbox 1194 2951 1265 3066; x_wconf 77' lang='lat' dir='ltr'><strong>alsa</strong></span> <span class='ocrx_word' id='word_1_247' title='bbox 1276 2951 1410 3025; x_wconf 75' lang='lat' dir='ltr'><strong>cessanti</strong></span> <span class='ocrx_word' id='word_1_248' title='bbox 1421 2952 1687 3126; x_wconf 55' lang='lat' dir='ltr'><strong>rauracense</strong></span> <span class='ocrx_word' id='word_1_249' title='bbox 1713 2978 1730 3026; x_wconf 90' lang='lat' dir='ltr'><strong>e</strong></span> <span class='ocrx_word' id='word_1_250' title='bbox 1786 2956 1891 3028; x_wconf 84' lang='lat' dir='ltr'><strong>iatam</strong></span> <span class='ocrx_word' id='word_1_251' title='bbox 1914 2953 1955 3032; x_wconf 67' lang='grc' dir='ltr'><strong><em>Θ</em></strong></span> <span class='ocrx_word' id='word_1_252' title='bbox 1970 2960 2018 3032; x_wconf 80' lang='lat' dir='ltr'><strong>ad</strong></span> <span class='ocrx_word' id='word_1_253' title='bbox 2037 2957 2194 3055; x_wconf 80' lang='lat' dir='ltr'><strong>eusebiam</strong></span> <span class='ocrx_word' id='word_1_254' title='bbox 2221 2957 2277 3032; x_wconf 85' lang='lat' dir='ltr'><strong>dei</strong></span> 
     </span>
     <span class='ocr_line' id='line_1_25' title="bbox 426 2981 2276 3173; baseline -0.026 -11"><span class='ocrx_word' id='word_1_255' title='bbox 426 3086 509 3165; x_wconf 81' lang='lat' dir='ltr'><strong>indu</strong></span> <span class='ocrx_word' id='word_1_256' title='bbox 536 3064 917 3173; x_wconf 76' lang='lat' dir='ltr'><strong>ricesteonsnmrnatum.</strong></span> <span class='ocrx_word' id='word_1_257' title='bbox 960 3080 995 3132; x_wconf 88' lang='lat' dir='ltr'><strong>er</strong></span> <span class='ocrx_word' id='word_1_258' title='bbox 1018 3064 1147 3152; x_wconf 84' lang='lat' dir='ltr'><strong>petrum</strong></span> <span class='ocrx_word' id='word_1_259' title='bbox 1163 3047 1328 3146; x_wconf 85' lang='lat' dir='ltr'><strong>Seborffer</strong></span> <span class='ocrx_word' id='word_1_260' title='bbox 1348 3047 1595 3148; x_wconf 79' lang='lat' dir='ltr'><strong>degernsssrem.</strong></span> <span class='ocrx_word' id='word_1_261' title='bbox 1650 3075 1716 3125; x_wconf 87' lang='lat' dir='ltr'><strong>nno</strong></span> <span class='ocrx_word' id='word_1_262' title='bbox 1742 2981 1801 3124; x_wconf 70' lang='lat' dir='ltr'><strong>tiri</strong></span> <span class='ocrx_word' id='word_1_263' title='bbox 1814 3052 1977 3153; x_wconf 84' lang='lat' dir='ltr'><strong>missestmo</strong></span> <span class='ocrx_word' id='word_1_264' title='bbox 1995 3056 2276 3153; x_wconf 57' lang='lat' dir='ltr'><strong>quadringenten-</strong></span> 
     </span>
    </p>

    <p class='ocr_par' dir='ltr' id='par_1_9' title="bbox 314 3144 2279 3362">
     <span class='ocr_line' id='line_1_26' title="bbox 314 3144 2279 3346; baseline -0.012 -97"><span class='ocrx_word' id='word_1_265' title='bbox 314 3277 318 3284; x_wconf 92' lang='lat'>.</span> <span class='ocrx_word' id='word_1_266' title='bbox 428 3209 481 3264; x_wconf 75' lang='lat' dir='ltr'><strong>mo</strong></span> <span class='ocrx_word' id='word_1_267' title='bbox 508 3156 915 3346; x_wconf 55' lang='lat' dir='ltr'><strong>eprnpgefimoprirpspo</strong></span> <span class='ocrx_word' id='word_1_268' title='bbox 967 3178 1011 3230; x_wconf 84' lang='lat' dir='ltr'><strong>ua</strong></span> <span class='ocrx_word' id='word_1_269' title='bbox 1028 3152 1081 3227; x_wconf 85' lang='lat' dir='ltr'><strong>dic</strong></span> <span class='ocrx_word' id='word_1_270' title='bbox 1096 3146 1292 3224; x_wconf 83' lang='lat' dir='ltr'><strong>aonembris.</strong></span> <span class='ocrx_word' id='word_1_271' title='bbox 1337 3144 1394 3224; x_wconf 81' lang='lat' dir='ltr'><strong>Sit</strong></span> <span class='ocrx_word' id='word_1_272' title='bbox 1406 3150 1480 3223; x_wconf 81' lang='lat' dir='ltr'><strong>saur</strong></span> <span class='ocrx_word' id='word_1_273' title='bbox 1491 3147 1561 3224; x_wconf 81' lang='lat' dir='ltr'><strong>dra.</strong></span> <span class='ocrx_word' id='word_1_274' title='bbox 1608 3147 1774 3225; x_wconf 72' lang='lat' dir='ltr'><strong>Subietta</strong></span> <span class='ocrx_word' id='word_1_275' title='bbox 1786 3147 1864 3225; x_wconf 91' lang='lat' dir='ltr'><strong>sunt</strong></span> <span class='ocrx_word' id='word_1_276' title='bbox 1875 3174 2116 3228; x_wconf 80' lang='lat' dir='ltr'><strong>scaoaraaar</strong></span> <span class='ocrx_word' id='word_1_277' title='bbox 2129 3150 2279 3247; x_wconf 75' lang='lat' dir='ltr'><strong>insignia</strong></span> 
     </span>
     <span class='ocr_line' id='line_1_27' title="bbox 430 3283 2263 3362; baseline -0.028 0"><span class='ocrx_word' id='word_1_278' title='bbox 430 3285 538 3362; x_wconf 87' lang='lat' dir='ltr'><strong>rubro</strong></span> <span class='ocrx_word' id='word_1_279' title='bbox 552 3298 595 3350; x_wconf 91' lang='lat' dir='ltr'><strong>co</strong></span> <span class='ocrx_word' id='word_1_280' title='bbox 610 3290 672 3346; x_wconf 85' lang='lat' dir='ltr'><strong>ore</strong></span> <span class='ocrx_word' id='word_1_281' title='bbox 689 3289 733 3340; x_wconf 84' lang='lat' dir='ltr'><strong>ex</strong></span> <span class='ocrx_word' id='word_1_282' title='bbox 760 3284 797 3334; x_wconf 90' lang='lat' dir='ltr'><strong>re</strong></span> <span class='ocrx_word' id='word_1_283' title='bbox 846 3316 856 3333; x_wconf 90' lang='lat'><strong>.</strong></span> <span class='ocrx_word' id='word_1_284' title='bbox 2260 3283 2263 3288; x_wconf 87' lang='lat'>·</span> 
     </span>
    </p>

    <p class='ocr_par' dir='ltr' id='par_1_10' title="bbox 432 3287 2281 3559">
     <span class='ocr_line' id='line_1_28' title="bbox 529 3287 2281 3452; baseline -0.015 -4"><span class='ocrx_word' id='word_1_285' title='bbox 529 3372 648 3452; x_wconf 84' lang='lat' dir='ltr'><strong>Editio</strong></span> <span class='ocrx_word' id='word_1_286' title='bbox 660 3363 710 3441; x_wconf 78' lang='lat' dir='ltr'><strong>est</strong></span> <span class='ocrx_word' id='word_1_287' title='bbox 721 3287 910 3441; x_wconf 70' lang='lat' dir='ltr'><strong>ririfflma,</strong></span> <span class='ocrx_word' id='word_1_288' title='bbox 939 3348 1097 3429; x_wconf 86' lang='lat' dir='ltr'><strong>&amp;huius</strong></span> <span class='ocrx_word' id='word_1_289' title='bbox 1111 3346 1228 3441; x_wconf 85' lang='lat' dir='ltr'><strong>operis</strong></span> <span class='ocrx_word' id='word_1_290' title='bbox 1243 3344 1403 3419; x_wconf 88' lang='lat' dir='ltr'><strong>omnium</strong></span> <span class='ocrx_word' id='word_1_291' title='bbox 1419 3346 1551 3441; x_wconf 88' lang='lat' dir='ltr'><strong>prima,</strong></span> <span class='ocrx_word' id='word_1_292' title='bbox 1579 3345 1679 3417; x_wconf 89' lang='lat' dir='ltr'><strong>cuius</strong></span> <span class='ocrx_word' id='word_1_293' title='bbox 1700 3368 1767 3419; x_wconf 88' lang='lat' dir='ltr'><strong>nec</strong></span> <span class='ocrx_word' id='word_1_294' title='bbox 1792 3366 1965 3430; x_wconf 62' lang='lat' dir='ltr'><strong>attenta,</strong></span> <span class='ocrx_word' id='word_1_295' title='bbox 1990 3351 2058 3422; x_wconf 85' lang='lat' dir='ltr'><strong>ne&#39;c</strong></span> <span class='ocrx_word' id='word_1_296' title='bbox 2084 3367 2281 3422; x_wconf 75' lang='lat' dir='ltr'><strong>narrant·</strong></span> 
     </span>
     <span class='ocr_line' id='line_1_29' title="bbox 432 3441 2006 3559; baseline -0.027 -8"><span class='ocrx_word' id='word_1_297' title='bbox 432 3505 488 3559; x_wconf 80' lang='lat' dir='ltr'><strong>nn</strong></span> <span class='ocrx_word' id='word_1_298' title='bbox 508 3473 671 3551; x_wconf 86' lang='lat' dir='ltr'><strong>notitiam</strong></span> <span class='ocrx_word' id='word_1_299' title='bbox 684 3462 854 3537; x_wconf 87' lang='lat' dir='ltr'><strong>habuere.</strong></span> <span class='ocrx_word' id='word_1_300' title='bbox 893 3452 947 3527; x_wconf 77' lang='lat' dir='ltr'><strong>ct</strong></span> <span class='ocrx_word' id='word_1_301' title='bbox 964 3463 1254 3524; x_wconf 79' lang='lat' dir='ltr'><strong>wvnnorwntu</strong></span> <span class='ocrx_word' id='word_1_302' title='bbox 1281 3465 1362 3517; x_wconf 90' lang='lat' dir='ltr'><strong>eam</strong></span> <span class='ocrx_word' id='word_1_303' title='bbox 1378 3443 1415 3516; x_wconf 89' lang='lat' dir='ltr'><strong>in</strong></span> <span class='ocrx_word' id='word_1_304' title='bbox 1428 3441 1520 3516; x_wconf 81' lang='lat' dir='ltr'><strong>Bibs.</strong></span> <span class='ocrx_word' id='word_1_305' title='bbox 1538 3441 1698 3538; x_wconf 77' lang='lat' dir='ltr'><strong>Magnae.</strong></span> <span class='ocrx_word' id='word_1_306' title='bbox 1712 3467 1745 3541; x_wconf 88' lang='lat' dir='ltr'><strong>p.</strong></span> <span class='ocrx_word' id='word_1_307' title='bbox 1763 3456 1814 3536; x_wconf 80' lang='lat' dir='ltr'><strong>go</strong></span> <span class='ocrx_word' id='word_1_308' title='bbox 1837 3444 2006 3520; x_wconf 76' lang='lat' dir='ltr'><strong>recenset,</strong></span> 
     </span>
    </p>
   </div>
   <div class='ocr_carea' id='block_1_7' title="bbox 431 3619 2298 3865">
    <p class='ocr_par' dir='ltr' id='par_1_11' title="bbox 431 3619 2298 3865">
     <span class='ocr_line' id='line_1_30' title="bbox 431 3619 2298 3762; baseline -0.027 -19"><span class='ocrx_word' id='word_1_309' title='bbox 431 3662 489 3762; x_wconf 77' lang='grc' dir='ltr'><strong>Χ,</strong></span> <span class='ocrx_word' id='word_1_310' title='bbox 518 3645 687 3745; x_wconf 85' lang='lat' dir='ltr'><strong>Nicolai</strong></span> <span class='ocrx_word' id='word_1_311' title='bbox 703 3639 756 3728; x_wconf 93' lang='lat' dir='ltr'><strong>de</strong></span> <span class='ocrx_word' id='word_1_312' title='bbox 770 3636 880 3756; x_wconf 86' lang='lat' dir='ltr'><strong>Lyra</strong></span> <span class='ocrx_word' id='word_1_313' title='bbox 900 3625 1009 3759; x_wconf 72' lang='lat' dir='ltr'><strong>Orci.</strong></span> <span class='ocrx_word' id='word_1_314' title='bbox 1023 3625 1131 3711; x_wconf 87' lang='lat' dir='ltr'><strong>Min.</strong></span> <span class='ocrx_word' id='word_1_315' title='bbox 1146 3622 1490 3716; x_wconf 82' lang='lat' dir='ltr'><strong>Postilsa.Vos.V.</strong></span> <span class='ocrx_word' id='word_1_316' title='bbox 1511 3622 1556 3705; x_wconf 90' lang='lat' dir='ltr'><strong>in</strong></span> <span class='ocrx_word' id='word_1_317' title='bbox 1575 3621 1686 3714; x_wconf 79' lang='lat' dir='ltr'><strong>vul.</strong></span> <span class='ocrx_word' id='word_1_318' title='bbox 1703 3619 1828 3715; x_wconf 87' lang='lat' dir='ltr'><strong>Tom,</strong></span> <span class='ocrx_word' id='word_1_319' title='bbox 1846 3622 2005 3711; x_wconf 83' lang='lat' dir='ltr'><strong>Romae</strong></span> <span class='ocrx_word' id='word_1_320' title='bbox 2023 3649 2095 3741; x_wconf 83' lang='lat' dir='ltr'><strong>per</strong></span> <span class='ocrx_word' id='word_1_321' title='bbox 2118 3624 2298 3715; x_wconf 42' lang='lat' dir='ltr'><strong>comas</strong></span> 
     </span>
     <span class='ocr_line' id='line_1_31' title="bbox 550 3735 2199 3865; baseline -0.018 -10"><span class='ocrx_word' id='word_1_322' title='bbox 550 3767 654 3855; x_wconf 86' lang='lat' dir='ltr'><strong>dum</strong></span> <span class='ocrx_word' id='word_1_323' title='bbox 667 3744 1029 3865; x_wconf 85' lang='lat' dir='ltr'><strong>Schwcynhetm,</strong></span> <span class='ocrx_word' id='word_1_324' title='bbox 1061 3740 1105 3827; x_wconf 88' lang='lat'>&amp;</span> <span class='ocrx_word' id='word_1_325' title='bbox 1120 3735 1354 3851; x_wconf 87' lang='lat' dir='ltr'><strong>Ataoldum</strong></span> <span class='ocrx_word' id='word_1_326' title='bbox 1369 3735 1583 3821; x_wconf 83' lang='lat' dir='ltr'><strong>Pannartz</strong></span> <span class='ocrx_word' id='word_1_327' title='bbox 1597 3762 1712 3822; x_wconf 87' lang='lat' dir='ltr'><strong>anno</strong></span> <span class='ocrx_word' id='word_1_328' title='bbox 1733 3762 1839 3849; x_wconf 78' lang='lat'>1471</span> <span class='ocrx_word' id='word_1_329' title='bbox 1860 3791 1874 3834; x_wconf 83' lang='lat'><strong>,</strong></span> <span class='ocrx_word' id='word_1_330' title='bbox 1904 3738 2035 3850; x_wconf 73' lang='lat'>8172.</span> <span class='ocrx_word' id='word_1_331' title='bbox 2059 3742 2105 3825; x_wconf 89' lang='lat' dir='ltr'><strong>in</strong></span> <span class='ocrx_word' id='word_1_332' title='bbox 2124 3737 2199 3837; x_wconf 77' lang='lat' dir='ltr'><strong>sos,</strong></span> 
     </span>
    </p>
   </div>
   <div class='ocr_carea' id='block_1_8' title="bbox 538 3901 2287 4027">
    <p class='ocr_par' dir='ltr' id='par_1_12' title="bbox 538 3901 2287 4027">
     <span class='ocr_line' id='line_1_32' title="bbox 538 3901 2287 4027; baseline -0.02 -3"><span class='ocrx_word' id='word_1_333' title='bbox 538 3950 640 4027; x_wconf 83' lang='lat' dir='ltr'><strong>Duos</strong></span> <span class='ocrx_word' id='word_1_334' title='bbox 655 3955 769 4013; x_wconf 86' lang='lat' dir='ltr'><strong>annos</strong></span> <span class='ocrx_word' id='word_1_335' title='bbox 795 3930 833 4005; x_wconf 90' lang='lat' dir='ltr'><strong>in</strong></span> <span class='ocrx_word' id='word_1_336' title='bbox 854 3918 1071 4000; x_wconf 78' lang='lat' dir='ltr'><strong>excudendis</strong></span> <span class='ocrx_word' id='word_1_337' title='bbox 1099 3916 1157 3990; x_wconf 89' lang='lat' dir='ltr'><strong>his</strong></span> <span class='ocrx_word' id='word_1_338' title='bbox 1170 3914 1319 3990; x_wconf 80' lang='lat' dir='ltr'><strong>Postillis</strong></span> <span class='ocrx_word' id='word_1_339' title='bbox 1344 3912 1587 4012; x_wconf 87' lang='lat' dir='ltr'><strong>consumpsere</strong></span> <span class='ocrx_word' id='word_1_340' title='bbox 1609 3917 1823 4014; x_wconf 75' lang='lat' dir='ltr'><strong>typographi</strong></span> <span class='ocrx_word' id='word_1_341' title='bbox 1839 3901 2011 3994; x_wconf 76' lang='lat' dir='ltr'><strong>clarissimi</strong></span> <span class='ocrx_word' id='word_1_342' title='bbox 2038 3943 2048 4009; x_wconf 91' lang='lat'>;</span> <span class='ocrx_word' id='word_1_343' title='bbox 2076 3917 2287 4017; x_wconf 87' lang='lat' dir='ltr'><strong>igitur&amp;in</strong></span> 
     </span>
    </p>
   </div>
   <div class='ocr_carea' id='block_1_9' title="bbox 390 4012 2290 4217">
    <p class='ocr_par' dir='ltr' id='par_1_13' title="bbox 390 4012 2290 4217">
     <span class='ocr_line' id='line_1_33' title="bbox 390 4012 2290 4195; baseline -0.019 -66"><span class='ocrx_word' id='word_1_344' title='bbox 390 4121 397 4129; x_wconf 89' lang='lat'><em>.</em></span> <span class='ocrx_word' id='word_1_345' title='bbox 438 4051 580 4133; x_wconf 71' lang='lat' dir='ltr'><strong>auourc</strong></span> <span class='ocrx_word' id='word_1_346' title='bbox 595 4035 740 4120; x_wconf 82' lang='lat' dir='ltr'><strong>diuersis</strong></span> <span class='ocrx_word' id='word_1_347' title='bbox 753 4029 841 4146; x_wconf 62' lang='lat' dir='ltr'><strong>socia</strong></span> <span class='ocrx_word' id='word_1_348' title='bbox 860 4023 1005 4195; x_wconf 66' lang='lat' dir='ltr'><strong>capdem</strong></span> <span class='ocrx_word' id='word_1_349' title='bbox 1019 4012 1279 4192; x_wconf 49' lang='lat' dir='ltr'><strong>rtecssnrsgineffi&#39;t</strong></span> <span class='ocrx_word' id='word_1_350' title='bbox 1292 4015 1446 4184; x_wconf 63' lang='lat' dir='ltr'><strong>primurn</strong></span> <span class='ocrx_word' id='word_1_351' title='bbox 1471 4035 1593 4126; x_wconf 86' lang='lat' dir='ltr'><strong>earum</strong></span> <span class='ocrx_word' id='word_1_352' title='bbox 1609 4013 1778 4089; x_wconf 89' lang='lat' dir='ltr'><strong>volumen</strong></span> <span class='ocrx_word' id='word_1_353' title='bbox 1802 4016 1839 4090; x_wconf 92' lang='lat' dir='ltr'><strong>in</strong></span> <span class='ocrx_word' id='word_1_354' title='bbox 1862 4015 2036 4113; x_wconf 85' lang='lat' dir='ltr'><strong>praesenti</strong></span> <span class='ocrx_word' id='word_1_355' title='bbox 2059 4016 2290 4113; x_wconf 57' lang='lat' dir='ltr'><strong>deserturum</strong></span> 
     </span>
     <span class='ocr_line' id='line_1_34' title="bbox 917 4137 1654 4217; baseline -0.056 -20"><span class='ocrx_word' id='word_1_356' title='bbox 917 4142 1032 4217; x_wconf 83' lang='lat' dir='ltr'><strong>equen</strong></span> <span class='ocrx_word' id='word_1_357' title='bbox 1050 4141 1071 4189; x_wconf 85' lang='lat' dir='ltr'><strong>e</strong></span> <span class='ocrx_word' id='word_1_358' title='bbox 1240 4138 1263 4187; x_wconf 87' lang='lat' dir='ltr'><strong>n</strong></span> <span class='ocrx_word' id='word_1_359' title='bbox 1280 4137 1302 4188; x_wconf 90' lang='lat' dir='ltr'>u</span> <span class='ocrx_word' id='word_1_360' title='bbox 1323 4165 1335 4185; x_wconf 77' lang='lat'><strong>,</strong></span> <span class='ocrx_word' id='word_1_361' title='bbox 1646 4137 1654 4147; x_wconf 76' lang='lat'><strong>·</strong></span> 
     </span>
    </p>
   </div>
   <div class='ocr_carea' id='block_1_10' title="bbox 485 4201 2353 4384">
    <p class='ocr_par' dir='ltr' id='par_1_14' title="bbox 485 4201 2353 4384">
     <span class='ocr_line' id='line_1_35' title="bbox 485 4201 2353 4384; baseline -0.013 -76"><span class='ocrx_word' id='word_1_362' title='bbox 485 4297 490 4308; x_wconf 77' lang='grc'>.</span> <span class='ocrx_word' id='word_1_363' title='bbox 542 4247 726 4336; x_wconf 73' lang='lat' dir='ltr'><strong>integrum</strong></span> <span class='ocrx_word' id='word_1_364' title='bbox 741 4233 810 4306; x_wconf 71' lang='lat' dir='ltr'><strong>hoe</strong></span> <span class='ocrx_word' id='word_1_365' title='bbox 822 4216 1015 4300; x_wconf 83' lang='lat' dir='ltr'><strong>immensae</strong></span> <span class='ocrx_word' id='word_1_366' title='bbox 1026 4215 1131 4292; x_wconf 82' lang='lat' dir='ltr'><strong>molis</strong></span> <span class='ocrx_word' id='word_1_367' title='bbox 1143 4212 1312 4289; x_wconf 82' lang='lat' dir='ltr'><strong>volumen</strong></span> <span class='ocrx_word' id='word_1_368' title='bbox 1333 4233 1402 4307; x_wconf 82' lang='lat'><strong>451</strong></span> <span class='ocrx_word' id='word_1_369' title='bbox 1419 4207 1663 4305; x_wconf 71' lang='lat' dir='ltr'><strong>complectitur</strong></span> <span class='ocrx_word' id='word_1_370' title='bbox 1676 4207 1773 4292; x_wconf 85' lang='lat' dir='ltr'><strong>solia.</strong></span> <span class='ocrx_word' id='word_1_371' title='bbox 1810 4212 1908 4288; x_wconf 85' lang='lat' dir='ltr'><strong>Huic</strong></span> <span class='ocrx_word' id='word_1_372' title='bbox 1924 4211 2031 4384; x_wconf 68' lang='lat' dir='ltr'><strong>lonpa</strong></span> <span class='ocrx_word' id='word_1_373' title='bbox 2045 4213 2200 4290; x_wconf 83' lang='lat' dir='ltr'><strong>Editotis</strong></span> <span class='ocrx_word' id='word_1_374' title='bbox 2214 4211 2292 4310; x_wconf 87' lang='lat' dir='ltr'><strong>epi·</strong></span> <span class='ocrx_word' id='word_1_375' title='bbox 2346 4201 2353 4220; x_wconf 86' lang='lat'>&#39;</span> 
     </span>
    </p>
   </div>
   <div class='ocr_carea' id='block_1_11' title="bbox 289 4307 2364 5482">
    <p class='ocr_par' dir='ltr' id='par_1_15' title="bbox 289 4307 2303 5327">
     <span class='ocr_line' id='line_1_36' title="bbox 447 4307 2291 4429; baseline -0.022 -1"><span class='ocrx_word' id='word_1_376' title='bbox 447 4351 533 4429; x_wconf 78' lang='lat' dir='ltr'><strong>stola</strong></span> <span class='ocrx_word' id='word_1_377' title='bbox 550 4343 596 4419; x_wconf 89' lang='lat' dir='ltr'><strong>ad</strong></span> <span class='ocrx_word' id='word_1_378' title='bbox 610 4355 761 4415; x_wconf 81' lang='lat' dir='ltr'><strong>srxavn</strong></span> <span class='ocrx_word' id='word_1_379' title='bbox 777 4327 798 4401; x_wconf 86' lang='lat'><em>1</em></span> <span class='ocrx_word' id='word_1_380' title='bbox 805 4323 850 4401; x_wconf 86' lang='lat' dir='ltr'><strong>V.</strong></span> <span class='ocrx_word' id='word_1_381' title='bbox 864 4322 902 4398; x_wconf 87' lang='lat' dir='ltr'><strong>P.</strong></span> <span class='ocrx_word' id='word_1_382' title='bbox 912 4320 962 4395; x_wconf 83' lang='lat' dir='ltr'><strong>M.</strong></span> <span class='ocrx_word' id='word_1_383' title='bbox 1041 4311 1223 4389; x_wconf 85' lang='lat' dir='ltr'><strong>emissaest</strong></span> <span class='ocrx_word' id='word_1_384' title='bbox 1236 4367 1245 4397; x_wconf 89' lang='lat'><strong>,</strong></span> <span class='ocrx_word' id='word_1_385' title='bbox 1258 4312 1296 4386; x_wconf 92' lang='lat' dir='ltr'><strong>in</strong></span> <span class='ocrx_word' id='word_1_386' title='bbox 1309 4310 1410 4384; x_wconf 88' lang='lat' dir='ltr'><strong>cuins</strong></span> <span class='ocrx_word' id='word_1_387' title='bbox 1435 4307 1554 4382; x_wconf 87' lang='lat' dir='ltr'><strong>fronte</strong></span> <span class='ocrx_word' id='word_1_388' title='bbox 1578 4307 1707 4402; x_wconf 86' lang='lat' dir='ltr'><strong>legitur</strong></span> <span class='ocrx_word' id='word_1_389' title='bbox 1723 4310 1947 4405; x_wconf 88' lang='lat' dir='ltr'><strong>impressum:</strong></span> <span class='ocrx_word' id='word_1_390' title='bbox 1997 4334 2026 4385; x_wconf 91' lang='lat' dir='ltr'><strong>o.</strong></span> <span class='ocrx_word' id='word_1_391' title='bbox 2044 4309 2116 4385; x_wconf 87' lang='lat' dir='ltr'><strong>Aa.</strong></span> <span class='ocrx_word' id='word_1_392' title='bbox 2137 4310 2291 4387; x_wconf 82' lang='lat' dir='ltr'><strong>Aterien.</strong></span> 
     </span>
     <span class='ocr_line' id='line_1_37' title="bbox 442 4405 2296 4536; baseline -0.018 -21"><span class='ocrx_word' id='word_1_393' title='bbox 442 4450 488 4528; x_wconf 79' lang='lat' dir='ltr'><strong>S,</strong></span> <span class='ocrx_word' id='word_1_394' title='bbox 507 4445 554 4522; x_wconf 88' lang='lat' dir='ltr'><strong>D.</strong></span> <span class='ocrx_word' id='word_1_395' title='bbox 569 4438 667 4536; x_wconf 76' lang='lat' dir='ltr'><strong>nostri</strong></span> <span class='ocrx_word' id='word_1_396' title='bbox 683 4431 775 4526; x_wconf 80' lang='lat' dir='ltr'><strong>Pape</strong></span> <span class='ocrx_word' id='word_1_397' title='bbox 787 4423 883 4522; x_wconf 74' lang='lat' dir='ltr'><strong>xysti.</strong></span> <span class='ocrx_word' id='word_1_398' title='bbox 898 4415 966 4492; x_wconf 87' lang='grc' dir='ltr'><strong>ΙΙΙ</strong></span> <span class='ocrx_word' id='word_1_399' title='bbox 984 4474 993 4491; x_wconf 94' lang='grc'><strong>.</strong></span> <span class='ocrx_word' id='word_1_400' title='bbox 1010 4410 1275 4490; x_wconf 75' lang='lat' dir='ltr'><strong>Bittiortecartt.</strong></span> <span class='ocrx_word' id='word_1_401' title='bbox 1302 4408 1344 4483; x_wconf 88' lang='lat' dir='ltr'><strong>In</strong></span> <span class='ocrx_word' id='word_1_402' title='bbox 1359 4407 1613 4504; x_wconf 82' lang='lat' dir='ltr'><strong>recognitionem</strong></span> <span class='ocrx_word' id='word_1_403' title='bbox 1632 4405 1770 4481; x_wconf 76' lang='lat' dir='ltr'><strong>N³cosai</strong></span> <span class='ocrx_word' id='word_1_404' title='bbox 1780 4406 1820 4482; x_wconf 79' lang='lat' dir='ltr'><strong>dr</strong></span> <span class='ocrx_word' id='word_1_405' title='bbox 1838 4407 1934 4506; x_wconf 74' lang='lat' dir='ltr'><strong>Lyra</strong></span> <span class='ocrx_word' id='word_1_406' title='bbox 1962 4407 2009 4481; x_wconf 76' lang='lat' dir='ltr'><strong>ad</strong></span> <span class='ocrx_word' id='word_1_407' title='bbox 2021 4407 2124 4506; x_wconf 84' lang='lat' dir='ltr'><strong>ipsam</strong></span> <span class='ocrx_word' id='word_1_408' title='bbox 2138 4406 2296 4482; x_wconf 76' lang='lat' dir='ltr'><strong>asininam</strong></span> 
     </span>
     <span class='ocr_line' id='line_1_38' title="bbox 451 4504 2296 4640; baseline -0.018 -26"><span class='ocrx_word' id='word_1_409' title='bbox 451 4541 644 4640; x_wconf 67' lang='lat' dir='ltr'><strong>Pontificem</strong></span> <span class='ocrx_word' id='word_1_410' title='bbox 657 4527 818 4628; x_wconf 77' lang='lat' dir='ltr'><strong>Epistola.</strong></span> <span class='ocrx_word' id='word_1_411' title='bbox 860 4510 1133 4611; x_wconf 82' lang='lat' dir='ltr'><strong>lohacepistoia</strong></span> <span class='ocrx_word' id='word_1_412' title='bbox 1146 4507 1240 4585; x_wconf 82' lang='lat' dir='ltr'><strong>letto</strong></span> <span class='ocrx_word' id='word_1_413' title='bbox 1267 4504 1462 4604; x_wconf 75' lang='lat' dir='ltr'><strong>dignissima</strong></span> <span class='ocrx_word' id='word_1_414' title='bbox 1483 4505 1712 4580; x_wconf 72' lang='lat' dir='ltr'><strong>momentosas</strong></span> <span class='ocrx_word' id='word_1_415' title='bbox 1730 4520 1882 4582; x_wconf 89' lang='lat' dir='ltr'><strong>conatur</strong></span> <span class='ocrx_word' id='word_1_416' title='bbox 1903 4506 2085 4581; x_wconf 87' lang='lat' dir='ltr'><strong>ostendere</strong></span> <span class='ocrx_word' id='word_1_417' title='bbox 2102 4527 2296 4603; x_wconf 85' lang='lat' dir='ltr'><strong>argumen-</strong></span> 
     </span>
     <span class='ocr_line' id='line_1_39' title="bbox 379 4601 2296 4737; baseline -0.021 -14"><span class='ocrx_word' id='word_1_418' title='bbox 379 4707 381 4712; x_wconf 87' lang='lat'>.</span> <span class='ocrx_word' id='word_1_419' title='bbox 448 4629 520 4729; x_wconf 73' lang='lat' dir='ltr'><strong>iis,</strong></span> <span class='ocrx_word' id='word_1_420' title='bbox 549 4645 722 4737; x_wconf 86' lang='lat' dir='ltr'><strong>qnantum</strong></span> <span class='ocrx_word' id='word_1_421' title='bbox 739 4615 898 4700; x_wconf 76' lang='lat' dir='ltr'><strong>intersit,</strong></span> <span class='ocrx_word' id='word_1_422' title='bbox 925 4610 1177 4721; x_wconf 68' lang='lat' dir='ltr'><strong>etprincipes,</strong></span> <span class='ocrx_word' id='word_1_423' title='bbox 1204 4608 1242 4685; x_wconf 89' lang='lat'>&amp;</span> <span class='ocrx_word' id='word_1_424' title='bbox 1266 4604 1389 4706; x_wconf 79' lang='lat' dir='ltr'><strong>popuii</strong></span> <span class='ocrx_word' id='word_1_425' title='bbox 1408 4601 1561 4677; x_wconf 69' lang='lat' dir='ltr'><strong>reiteres</strong></span> <span class='ocrx_word' id='word_1_426' title='bbox 1588 4603 1845 4703; x_wconf 84' lang='lat' dir='ltr'><strong>disciplinarum</strong></span> <span class='ocrx_word' id='word_1_427' title='bbox 1865 4604 2023 4680; x_wconf 76' lang='lat' dir='ltr'><strong>studiosis</strong></span> <span class='ocrx_word' id='word_1_428' title='bbox 2048 4605 2116 4680; x_wconf 84' lang='lat' dir='ltr'><strong>sua.</strong></span> <span class='ocrx_word' id='word_1_429' title='bbox 2129 4607 2296 4702; x_wconf 86' lang='lat' dir='ltr'><strong>largitate</strong></span> 
     </span>
     <span class='ocr_line' id='line_1_40' title="bbox 289 4702 2299 4828; baseline -0.011 -23"><span class='ocrx_word' id='word_1_430' title='bbox 289 4819 293 4828; x_wconf 83' lang='lat'>.</span> <span class='ocrx_word' id='word_1_431' title='bbox 452 4745 679 4827; x_wconf 60' lang='lat' dir='ltr'><strong>succurrant,</strong></span> <span class='ocrx_word' id='word_1_432' title='bbox 708 4710 1129 4802; x_wconf 82' lang='lat' dir='ltr'><strong>&amp;litterarumscientrar</strong></span> <span class='ocrx_word' id='word_1_433' title='bbox 1153 4704 1212 4781; x_wconf 86' lang='lat' dir='ltr'><strong>sua</strong></span> <span class='ocrx_word' id='word_1_434' title='bbox 1226 4702 1470 4781; x_wconf 87' lang='lat' dir='ltr'><strong>munificentia</strong></span> <span class='ocrx_word' id='word_1_435' title='bbox 1490 4702 1535 4776; x_wconf 85' lang='lat' dir='ltr'><strong>ad</strong></span> <span class='ocrx_word' id='word_1_436' title='bbox 1549 4702 1711 4777; x_wconf 84' lang='lat' dir='ltr'><strong>altiorem</strong></span> <span class='ocrx_word' id='word_1_437' title='bbox 1736 4703 1961 4799; x_wconf 77' lang='lat' dir='ltr'><strong>perfestionis</strong></span> <span class='ocrx_word' id='word_1_438' title='bbox 1988 4706 2138 4800; x_wconf 89' lang='lat' dir='ltr'><strong>gradum</strong></span> <span class='ocrx_word' id='word_1_439' title='bbox 2162 4703 2299 4782; x_wconf 80' lang='lat' dir='ltr'><strong>euehe-</strong></span> 
     </span>
     <span class='ocr_line' id='line_1_41' title="bbox 454 4800 2299 4921; baseline -0.021 -7"><span class='ocrx_word' id='word_1_440' title='bbox 454 4869 494 4921; x_wconf 80' lang='lat' dir='ltr'><strong>re</strong></span> <span class='ocrx_word' id='word_1_441' title='bbox 517 4836 692 4918; x_wconf 85' lang='lat' dir='ltr'><strong>studeant.</strong></span> <span class='ocrx_word' id='word_1_442' title='bbox 731 4814 933 4918; x_wconf 81' lang='lat' dir='ltr'><strong>Agrieastor</strong></span> <span class='ocrx_word' id='word_1_443' title='bbox 944 4807 1124 4906; x_wconf 81' lang='lat' dir='ltr'><strong>quartanis</strong></span> <span class='ocrx_word' id='word_1_444' title='bbox 1136 4829 1220 4880; x_wconf 84' lang='lat' dir='ltr'><strong>cara</strong></span> <span class='ocrx_word' id='word_1_445' title='bbox 1235 4803 1457 4902; x_wconf 63' lang='lat' dir='ltr'><strong>niustriaqne</strong></span> <span class='ocrx_word' id='word_1_446' title='bbox 1472 4803 1624 4888; x_wconf 79' lang='lat' dir='ltr'><strong>nitatur,</strong></span> <span class='ocrx_word' id='word_1_447' title='bbox 1647 4801 1685 4876; x_wconf 81' lang='lat' dir='ltr'><strong>id</strong></span> <span class='ocrx_word' id='word_1_448' title='bbox 1695 4814 1805 4876; x_wconf 79' lang='lat' dir='ltr'><strong>tantan</strong></span> <span class='ocrx_word' id='word_1_449' title='bbox 1819 4826 1885 4878; x_wconf 87' lang='lat' dir='ltr'><strong>aon</strong></span> <span class='ocrx_word' id='word_1_450' title='bbox 1898 4800 2021 4878; x_wconf 82' lang='lat' dir='ltr'><strong>vaiebit</strong></span> <span class='ocrx_word' id='word_1_451' title='bbox 2035 4805 2176 4903; x_wconf 83' lang='lat' dir='ltr'><strong>efficere,</strong></span> <span class='ocrx_word' id='word_1_452' title='bbox 2195 4801 2299 4904; x_wconf 76' lang='lat' dir='ltr'><strong>orfiti</strong></span> 
     </span>
     <span class='ocr_line' id='line_1_42' title="bbox 454 4900 2299 5024; baseline -0.023 -9"><span class='ocrx_word' id='word_1_453' title='bbox 454 4942 547 5022; x_wconf 82' lang='lat' dir='ltr'><strong>raris</strong></span> <span class='ocrx_word' id='word_1_454' title='bbox 564 4919 852 5024; x_wconf 70' lang='lat' dir='ltr'><strong>mnbiaferaeitar</strong></span> <span class='ocrx_word' id='word_1_455' title='bbox 869 4906 1072 4985; x_wconf 80' lang='lat' dir='ltr'><strong>arbitrariae</strong></span> <span class='ocrx_word' id='word_1_456' title='bbox 1081 4908 1127 5005; x_wconf 85' lang='lat' dir='ltr'><strong>fit</strong></span> <span class='ocrx_word' id='word_1_457' title='bbox 1146 4927 1187 4979; x_wconf 87' lang='lat' dir='ltr'><strong>ac</strong></span> <span class='ocrx_word' id='word_1_458' title='bbox 1204 4903 1400 4979; x_wconf 74' lang='lat' dir='ltr'><strong>vmacciar</strong></span> <span class='ocrx_word' id='word_1_459' title='bbox 1402 4900 1587 5013; x_wconf 70' lang='lat' dir='ltr'><strong>facultatis</strong></span> <span class='ocrx_word' id='word_1_460' title='bbox 1604 4949 1663 4978; x_wconf 84' lang='grc'><strong>...</strong></span> <span class='ocrx_word' id='word_1_461' title='bbox 1690 4901 1725 4974; x_wconf 88' lang='lat' dir='ltr'><strong>in</strong></span> <span class='ocrx_word' id='word_1_462' title='bbox 1742 4902 1801 4974; x_wconf 82' lang='lat' dir='ltr'><strong>deo</strong></span> <span class='ocrx_word' id='word_1_463' title='bbox 1817 4907 2050 4977; x_wconf 64' lang='lat' dir='ltr'><strong>tamen‘rernm</strong></span> <span class='ocrx_word' id='word_1_464' title='bbox 2059 4900 2226 5001; x_wconf 73' lang='lat' dir='ltr'><strong>samniam</strong></span> <span class='ocrx_word' id='word_1_465' title='bbox 2250 4901 2299 4999; x_wconf 83' lang='lat' dir='ltr'><strong>es·</strong></span> 
     </span>
     <span class='ocr_line' id='line_1_43' title="bbox 449 4997 2300 5142; baseline -0.022 -28"><span class='ocrx_word' id='word_1_466' title='bbox 449 5041 485 5142; x_wconf 71' lang='lat' dir='ltr'><strong>se</strong></span> <span class='ocrx_word' id='word_1_467' title='bbox 500 5026 733 5111; x_wconf 77' lang='lat' dir='ltr'><strong>cossocandarn.</strong></span> <span class='ocrx_word' id='word_1_468' title='bbox 774 5017 828 5093; x_wconf 91' lang='lat' dir='ltr'><strong>Ita</strong></span> <span class='ocrx_word' id='word_1_469' title='bbox 847 5013 1027 5088; x_wconf 85' lang='lat' dir='ltr'><strong>litteratos</strong></span> <span class='ocrx_word' id='word_1_470' title='bbox 1040 5003 1192 5118; x_wconf 76' lang='lat' dir='ltr'><strong>prppriia</strong></span> <span class='ocrx_word' id='word_1_471' title='bbox 1205 4997 1512 5082; x_wconf 79' lang='lat' dir='ltr'><strong>viribusrelrtinc,</strong></span> <span class='ocrx_word' id='word_1_472' title='bbox 1535 4999 1809 5096; x_wconf 86' lang='lat' dir='ltr'><strong>breuiternpore</strong></span> <span class='ocrx_word' id='word_1_473' title='bbox 1833 5002 1950 5076; x_wconf 89' lang='lat' dir='ltr'><strong>inedia</strong></span> <span class='ocrx_word' id='word_1_474' title='bbox 1965 5013 2180 5076; x_wconf 86' lang='lat' dir='ltr'><strong>extenuatus</strong></span> <span class='ocrx_word' id='word_1_475' title='bbox 2203 5051 2213 5083; x_wconf 87' lang='lat'>‚</span> <span class='ocrx_word' id='word_1_476' title='bbox 2246 4999 2300 5074; x_wconf 87' lang='lat' dir='ltr'><strong>la-</strong></span> 
     </span>
     <span class='ocr_line' id='line_1_44' title="bbox 458 5093 2302 5216; baseline -0.022 0"><span class='ocrx_word' id='word_1_477' title='bbox 458 5136 535 5216; x_wconf 72' lang='lat' dir='ltr'><strong>barri</strong></span> <span class='ocrx_word' id='word_1_478' title='bbox 545 5121 770 5206; x_wconf 84' lang='lat' dir='ltr'><strong>succumbet,</strong></span> <span class='ocrx_word' id='word_1_479' title='bbox 798 5111 860 5190; x_wconf 82' lang='lat' dir='ltr'><strong>ntfi</strong></span> <span class='ocrx_word' id='word_1_480' title='bbox 873 5110 973 5206; x_wconf 79' lang='lat' dir='ltr'><strong>larga</strong></span> <span class='ocrx_word' id='word_1_481' title='bbox 989 5105 1191 5203; x_wconf 66' lang='lat' dir='ltr'><strong>‚principum</strong></span> <span class='ocrx_word' id='word_1_482' title='bbox 1203 5098 1448 5177; x_wconf 86' lang='lat' dir='ltr'><strong>munificentia</strong></span> <span class='ocrx_word' id='word_1_483' title='bbox 1469 5110 1649 5172; x_wconf 83' lang='lat' dir='ltr'><strong>recreatus</strong></span> <span class='ocrx_word' id='word_1_484' title='bbox 1671 5097 1779 5174; x_wconf 87' lang='lat' dir='ltr'><strong>suerit</strong></span> <span class='ocrx_word' id='word_1_485' title='bbox 1806 5153 1818 5188; x_wconf 91' lang='lat'><strong>,</strong></span> <span class='ocrx_word' id='word_1_486' title='bbox 1855 5100 1953 5196; x_wconf 88' lang='lat' dir='ltr'><strong>quod</strong></span> <span class='ocrx_word' id='word_1_487' title='bbox 1966 5098 2113 5198; x_wconf 86' lang='lat' dir='ltr'><strong>ipsemet</strong></span> <span class='ocrx_word' id='word_1_488' title='bbox 2130 5095 2202 5172; x_wconf 88' lang='lat' dir='ltr'><strong>iam</strong></span> <span class='ocrx_word' id='word_1_489' title='bbox 2217 5093 2302 5176; x_wconf 81' lang='lat' dir='ltr'><strong>satis</strong></span> 
     </span>
     <span class='ocr_line' id='line_1_45' title="bbox 460 5193 2303 5327; baseline -0.017 -26"><span class='ocrx_word' id='word_1_490' title='bbox 460 5227 644 5327; x_wconf 70' lang='lat' dir='ltr'><strong>imcucqne</strong></span> <span class='ocrx_word' id='word_1_491' title='bbox 655 5227 824 5315; x_wconf 66' lang='lat' dir='ltr'><strong>experti!</strong></span> <span class='ocrx_word' id='word_1_492' title='bbox 840 5209 899 5285; x_wconf 76' lang='lat' dir='ltr'><strong>est</strong></span> <span class='ocrx_word' id='word_1_493' title='bbox 939 5207 1032 5281; x_wconf 87' lang='lat' dir='ltr'><strong>Dein</strong></span> <span class='ocrx_word' id='word_1_494' title='bbox 1046 5202 1207 5277; x_wconf 86' lang='lat' dir='ltr'><strong>animum</strong></span> <span class='ocrx_word' id='word_1_495' title='bbox 1222 5221 1315 5316; x_wconf 78' lang='lat' dir='ltr'><strong>pene</strong></span> <span class='ocrx_word' id='word_1_496' title='bbox 1332 5194 1506 5271; x_wconf 76' lang='lat' dir='ltr'><strong>deiettum</strong></span> <span class='ocrx_word' id='word_1_497' title='bbox 1520 5197 1625 5298; x_wconf 87' lang='lat' dir='ltr'><strong>erigit</strong></span> <span class='ocrx_word' id='word_1_498' title='bbox 1651 5195 1832 5272; x_wconf 76' lang='lat' dir='ltr'><strong>occasione</strong></span> <span class='ocrx_word' id='word_1_499' title='bbox 1844 5197 2026 5273; x_wconf 79' lang='lat' dir='ltr'><strong>elettionis</strong></span> <span class='ocrx_word' id='word_1_500' title='bbox 2038 5217 2149 5270; x_wconf 75' lang='lat' dir='ltr'><strong>strar</strong></span> <span class='ocrx_word' id='word_1_501' title='bbox 2167 5193 2192 5280; x_wconf 80' lang='grc' dir='ltr'><em>Ι</em></span> <span class='ocrx_word' id='word_1_502' title='bbox 2193 5193 2236 5274; x_wconf 85' lang='lat' dir='ltr'><em>V</em></span> <span class='ocrx_word' id='word_1_503' title='bbox 2254 5197 2303 5274; x_wconf 82' lang='lat' dir='ltr'><strong>ad</strong></span> 
     </span>
    </p>

    <p class='ocr_par' dir='ltr' id='par_1_16' title="bbox 457 5293 2364 5482">
     <span class='ocr_line' id='line_1_46' title="bbox 457 5293 2364 5425; baseline -0.033 -10"><span class='ocrx_word' id='word_1_504' title='bbox 457 5340 505 5425; x_wconf 80' lang='lat' dir='ltr'><strong>nd</strong></span> <span class='ocrx_word' id='word_1_505' title='bbox 522 5333 698 5411; x_wconf 83' lang='lat' dir='ltr'><strong>sommum</strong></span> <span class='ocrx_word' id='word_1_506' title='bbox 715 5310 988 5395; x_wconf 80' lang='lat' dir='ltr'><strong>Pontificatum,</strong></span> <span class='ocrx_word' id='word_1_507' title='bbox 1012 5323 1121 5402; x_wconf 85' lang='lat' dir='ltr'><strong>quem</strong></span> <span class='ocrx_word' id='word_1_508' title='bbox 1139 5296 1454 5402; x_wconf 64' lang='lat' dir='ltr'><strong>magaraiaudum</strong></span> <span class='ocrx_word' id='word_1_509' title='bbox 1466 5294 1640 5374; x_wconf 49' lang='lat' dir='ltr'><strong>eneam&amp;</strong></span> <span class='ocrx_word' id='word_1_510' title='bbox 1654 5296 1831 5382; x_wconf 84' lang='lat' dir='ltr'><strong>honorat,</strong></span> <span class='ocrx_word' id='word_1_511' title='bbox 1857 5295 1895 5376; x_wconf 73' lang='grc' dir='ltr'><strong>δι</strong></span> <span class='ocrx_word' id='word_1_512' title='bbox 1913 5310 1953 5376; x_wconf 89' lang='lat' dir='ltr'><strong>vt</strong></span> <span class='ocrx_word' id='word_1_513' title='bbox 1975 5296 2093 5375; x_wconf 74' lang='lat' dir='ltr'><strong>vuum</strong></span> <span class='ocrx_word' id='word_1_514' title='bbox 2118 5293 2305 5392; x_wconf 70' lang='lat' dir='ltr'><strong>cepaea.</strong></span> <span class='ocrx_word' id='word_1_515' title='bbox 2357 5311 2364 5344; x_wconf 71' lang='grc' dir='ltr'><strong>ι</strong></span> 
     </span>
     <span class='ocr_line' id='line_1_47' title="bbox 1554 5403 2312 5482; baseline -0.02 -1"><span class='ocrx_word' id='word_1_516' title='bbox 1554 5445 1560 5458; x_wconf 86' lang='lat'>·</span> <span class='ocrx_word' id='word_1_517' title='bbox 1860 5433 1864 5440; x_wconf 94' lang='lat'>·</span> <span class='ocrx_word' id='word_1_518' title='bbox 2173 5403 2252 5482; x_wconf 85' lang='lat' dir='ltr'><strong>cat,</strong></span> <span class='ocrx_word' id='word_1_519' title='bbox 2293 5448 2312 5466; x_wconf 93' lang='lat'>.</span> 
     </span>
    </p>
   </div>
   <div class='ocr_carea' id='block_1_12' title="bbox 0 0 2745 6276">
    <p class='ocr_par' dir='ltr' id='par_1_17' title="bbox 0 0 2745 6276">
     <span class='ocr_line' id='line_1_48' title="bbox 0 0 2745 6276; baseline 0 0"><span class='ocrx_word' id='word_1_520' title='bbox 0 0 2745 6276; x_wconf 95' lang='lat' dir='ltr'><strong> </strong></span> 
     </span>
    </p>
   </div>
  </div>
 </body>
</html>
