<?xml version="1.0" encoding="UTF-8"?>
<!DOCTYPE html PUBLIC "-//W3C//DTD XHTML 1.0 Transitional//EN"
    "http://www.w3.org/TR/xhtml1/DTD/xhtml1-transitional.dtd">
<html xmlns="http://www.w3.org/1999/xhtml" xml:lang="en" lang="en">
 <head>
  <title>
</title>
<meta http-equiv="Content-Type" content="text/html;charset=utf-8" />
  <meta name='ocr-system' content='tesseract 3.04.00' />
  <meta name='ocr-capabilities' content='ocr_page ocr_carea ocr_par ocr_line ocrx_word'/>
</head>
<body>
  <div class='ocr_page' id='page_1' title='image "./notitiahistoric03biblgoog/notitiahistoric03biblgoog_0147.png"; bbox 0 0 5400 6284; ppageno 0'>
   <div class='ocr_carea' id='block_1_1' title="bbox 360 510 2318 1508">
    <p class='ocr_par' dir='ltr' id='par_1_1' title="bbox 360 510 2318 1508">
     <span class='ocr_line' id='line_1_1' title="bbox 413 510 1488 644; baseline 0.006 -33"><span class='ocrx_word' id='word_1_1' title='bbox 413 538 521 644; x_wconf 34' lang='grc' dir='ltr'>ηε,</span> <span class='ocrx_word' id='word_1_2' title='bbox 605 607 611 628; x_wconf 70' lang='grc'><strong>,</strong></span> <span class='ocrx_word' id='word_1_3' title='bbox 764 548 775 560; x_wconf 81' lang='lat'>&#39;</span> <span class='ocrx_word' id='word_1_4' title='bbox 1165 510 1488 617; x_wconf 40' lang='grc' dir='ltr'>*ψ*</span> 
     </span>
     <span class='ocr_line' id='line_1_2' title="bbox 413 705 2261 822; baseline 0 -20"><span class='ocrx_word' id='word_1_5' title='bbox 413 748 492 802; x_wconf 88' lang='lat' dir='ltr'>rare</span> <span class='ocrx_word' id='word_1_6' title='bbox 508 720 616 822; x_wconf 76' lang='lat' dir='ltr'>possit.</span> <span class='ocrx_word' id='word_1_7' title='bbox 667 705 820 817; x_wconf 76' lang='lat' dir='ltr'>Epistola</span> <span class='ocrx_word' id='word_1_8' title='bbox 832 713 1009 792; x_wconf 85' lang='lat' dir='ltr'>lraecsolii</span> <span class='ocrx_word' id='word_1_9' title='bbox 1031 712 1172 790; x_wconf 89' lang='lat' dir='ltr'>secundi</span> <span class='ocrx_word' id='word_1_10' title='bbox 1189 712 1301 809; x_wconf 89' lang='lat' dir='ltr'>prima</span> <span class='ocrx_word' id='word_1_11' title='bbox 1319 709 1470 807; x_wconf 84' lang='lat' dir='ltr'>pagina,</span> <span class='ocrx_word' id='word_1_12' title='bbox 1491 716 1584 791; x_wconf 88' lang='lat' dir='ltr'>linea</span> <span class='ocrx_word' id='word_1_13' title='bbox 1598 714 1744 814; x_wconf 86' lang='lat' dir='ltr'>septima</span> <span class='ocrx_word' id='word_1_14' title='bbox 1769 716 2006 804; x_wconf 81' lang='lat' dir='ltr'>terminatur,</span> <span class='ocrx_word' id='word_1_15' title='bbox 2023 741 2133 818; x_wconf 87' lang='lat' dir='ltr'>quam</span> <span class='ocrx_word' id='word_1_16' title='bbox 2152 722 2261 802; x_wconf 76' lang='lat' dir='ltr'>tabu-</span> 
     </span>
     <span class='ocr_line' id='line_1_3' title="bbox 412 809 2261 925; baseline -0.001 -26"><span class='ocrx_word' id='word_1_17' title='bbox 412 827 446 899; x_wconf 84' lang='lat' dir='ltr'>la</span> <span class='ocrx_word' id='word_1_18' title='bbox 463 825 615 908; x_wconf 84' lang='lat' dir='ltr'>excipit,</span> <span class='ocrx_word' id='word_1_19' title='bbox 646 841 740 917; x_wconf 88' lang='lat' dir='ltr'>qua,</span> <span class='ocrx_word' id='word_1_20' title='bbox 770 832 809 891; x_wconf 90' lang='lat' dir='ltr'>vt</span> <span class='ocrx_word' id='word_1_21' title='bbox 823 818 974 912; x_wconf 86' lang='lat' dir='ltr'>legitur:</span> <span class='ocrx_word' id='word_1_22' title='bbox 997 814 1079 910; x_wconf 86' lang='lat' dir='ltr'>qnid</span> <span class='ocrx_word' id='word_1_23' title='bbox 1090 811 1235 887; x_wconf 76' lang='lat' dir='ltr'>sessorem</span> <span class='ocrx_word' id='word_1_24' title='bbox 1266 809 1391 925; x_wconf 67' lang='lat' dir='ltr'>tresenti</span> <span class='ocrx_word' id='word_1_25' title='bbox 1402 819 1564 890; x_wconf 84' lang='lat' dir='ltr'>volumine</span> <span class='ocrx_word' id='word_1_26' title='bbox 1570 815 1709 913; x_wconf 79' lang='lat' dir='ltr'>sperare</span> <span class='ocrx_word' id='word_1_27' title='bbox 1723 832 1842 912; x_wconf 82' lang='lat' dir='ltr'>queat:</span> <span class='ocrx_word' id='word_1_28' title='bbox 1880 818 2076 895; x_wconf 72' lang='lat' dir='ltr'>edocebatur.</span> <span class='ocrx_word' id='word_1_29' title='bbox 2118 817 2261 898; x_wconf 75' lang='lat' dir='ltr'>Aueria</span> 
     </span>
     <span class='ocr_line' id='line_1_4' title="bbox 360 907 2261 1017; baseline -0.002 -18"><span class='ocrx_word' id='word_1_30' title='bbox 360 945 369 956; x_wconf 50' lang='lat'><strong>⁸</strong></span> <span class='ocrx_word' id='word_1_31' title='bbox 411 924 486 999; x_wconf 88' lang='lat' dir='ltr'>solii</span> <span class='ocrx_word' id='word_1_32' title='bbox 500 921 612 1017; x_wconf 75' lang='lat' dir='ltr'>quinti</span> <span class='ocrx_word' id='word_1_33' title='bbox 629 919 780 1015; x_wconf 79' lang='lat' dir='ltr'><strong>pagina.</strong></span> <span class='ocrx_word' id='word_1_34' title='bbox 803 915 896 991; x_wconf 89' lang='lat' dir='ltr'>linea</span> <span class='ocrx_word' id='word_1_35' title='bbox 909 915 1032 1009; x_wconf 89' lang='lat' dir='ltr'>quinta</span> <span class='ocrx_word' id='word_1_36' title='bbox 1046 912 1203 1008; x_wconf 80' lang='lat' dir='ltr'>seqrntnr</span> <span class='ocrx_word' id='word_1_37' title='bbox 1256 913 1304 982; x_wconf 85' lang='lat' dir='ltr'>ior</span> <span class='ocrx_word' id='word_1_38' title='bbox 1321 907 1524 1011; x_wconf 80' lang='lat' dir='ltr'><em>Hieronymi</em></span> <span class='ocrx_word' id='word_1_39' title='bbox 1537 917 1610 987; x_wconf 86' lang='lat' dir='ltr'>nito</span> <span class='ocrx_word' id='word_1_40' title='bbox 1627 940 1688 1010; x_wconf 84' lang='lat' dir='ltr'>qne</span> <span class='ocrx_word' id='word_1_41' title='bbox 1702 916 2123 1016; x_wconf 76' lang='lat' dir='ltr'>conrninnitersegitnrstrb</span> <span class='ocrx_word' id='word_1_42' title='bbox 2139 933 2261 996; x_wconf 81' lang='lat' dir='ltr'>autore</span> 
     </span>
     <span class='ocr_line' id='line_1_5' title="bbox 411 1006 2318 1112; baseline 0.001 -16"><span class='ocrx_word' id='word_1_43' title='bbox 411 1025 546 1096; x_wconf 82' lang='lat' dir='ltr'>incerto.</span> <span class='ocrx_word' id='word_1_44' title='bbox 564 1044 628 1089; x_wconf 90' lang='lat' dir='ltr'>non</span> <span class='ocrx_word' id='word_1_45' title='bbox 637 1013 860 1112; x_wconf 75' lang='lat' dir='ltr'>satisfaciens</span> <span class='ocrx_word' id='word_1_46' title='bbox 860 1007 1001 1108; x_wconf 78' lang='lat' dir='ltr'>meritis</span> <span class='ocrx_word' id='word_1_47' title='bbox 1005 1019 1091 1086; x_wconf 83' lang='lat' dir='ltr'>tanti</span> <span class='ocrx_word' id='word_1_48' title='bbox 1107 1006 1257 1105; x_wconf 69' lang='lat' dir='ltr'>dolionis.</span> <span class='ocrx_word' id='word_1_49' title='bbox 1307 1008 1442 1086; x_wconf 80' lang='lat' dir='ltr'>Finitus</span> <span class='ocrx_word' id='word_1_50' title='bbox 1457 1013 1518 1087; x_wconf 85' lang='lat' dir='ltr'>isia</span> <span class='ocrx_word' id='word_1_51' title='bbox 1531 1013 1644 1108; x_wconf 90' lang='lat' dir='ltr'>prima</span> <span class='ocrx_word' id='word_1_52' title='bbox 1657 1013 1730 1088; x_wconf 91' lang='lat' dir='ltr'>solii</span> <span class='ocrx_word' id='word_1_53' title='bbox 1745 1015 1829 1088; x_wconf 89' lang='lat' dir='ltr'>noni</span> <span class='ocrx_word' id='word_1_54' title='bbox 1845 1017 1994 1109; x_wconf 68' lang='lat' dir='ltr'>pagina,</span> <span class='ocrx_word' id='word_1_55' title='bbox 2017 1016 2140 1096; x_wconf 89' lang='lat' dir='ltr'>auersa</span> <span class='ocrx_word' id='word_1_56' title='bbox 2160 1021 2260 1096; x_wconf 77' lang='lat' dir='ltr'>eius·</span> <span class='ocrx_word' id='word_1_57' title='bbox 2310 1087 2318 1096; x_wconf 80' lang='grc'><strong><em>,</em></strong></span> 
     </span>
     <span class='ocr_line' id='line_1_6' title="bbox 412 1105 2260 1209; baseline -0.002 -15"><span class='ocrx_word' id='word_1_58' title='bbox 412 1124 494 1194; x_wconf 91' lang='lat' dir='ltr'>dem</span> <span class='ocrx_word' id='word_1_59' title='bbox 511 1139 621 1190; x_wconf 81' lang='lat' dir='ltr'>vacua</span> <span class='ocrx_word' id='word_1_60' title='bbox 638 1115 696 1187; x_wconf 89' lang='lat' dir='ltr'>est.</span> <span class='ocrx_word' id='word_1_61' title='bbox 753 1113 849 1186; x_wconf 80' lang='lat' dir='ltr'>Folio</span> <span class='ocrx_word' id='word_1_62' title='bbox 863 1112 1002 1185; x_wconf 91' lang='lat' dir='ltr'>decimo</span> <span class='ocrx_word' id='word_1_63' title='bbox 1017 1107 1178 1206; x_wconf 82' lang='lat' dir='ltr'>impresso</span> <span class='ocrx_word' id='word_1_64' title='bbox 1193 1105 1319 1203; x_wconf 88' lang='lat' dir='ltr'>incipit</span> <span class='ocrx_word' id='word_1_65' title='bbox 1353 1109 1444 1185; x_wconf 89' lang='lat' dir='ltr'>rima</span> <span class='ocrx_word' id='word_1_66' title='bbox 1456 1109 1623 1207; x_wconf 82' lang='lat' dir='ltr'>epistola,</span> <span class='ocrx_word' id='word_1_67' title='bbox 1647 1113 1684 1186; x_wconf 93' lang='lat' dir='ltr'>in</span> <span class='ocrx_word' id='word_1_68' title='bbox 1698 1115 1799 1187; x_wconf 88' lang='lat' dir='ltr'>cuius</span> <span class='ocrx_word' id='word_1_69' title='bbox 1823 1113 1940 1187; x_wconf 85' lang='lat' dir='ltr'>fronte</span> <span class='ocrx_word' id='word_1_70' title='bbox 1955 1107 2107 1209; x_wconf 82' lang='lat' dir='ltr'>iegitur:</span> <span class='ocrx_word' id='word_1_71' title='bbox 2131 1115 2260 1200; x_wconf 85' lang='lat' dir='ltr'>Exno·</span> 
     </span>
     <span class='ocr_line' id='line_1_7' title="bbox 407 1129 2260 1314; baseline -0.001 -23"><span class='ocrx_word' id='word_1_72' title='bbox 407 1220 484 1314; x_wconf 75' lang='lat' dir='ltr'>fitio</span> <span class='ocrx_word' id='word_1_73' title='bbox 500 1212 649 1311; x_wconf 76' lang='lat' dir='ltr'>Sprnbosi</span> <span class='ocrx_word' id='word_1_74' title='bbox 666 1211 793 1307; x_wconf 82' lang='lat' dir='ltr'>Ruffini</span> <span class='ocrx_word' id='word_1_75' title='bbox 807 1203 1142 1308; x_wconf 72' lang='lat' dir='ltr'>Aquileiendspresb</span> <span class='ocrx_word' id='word_1_76' title='bbox 1167 1208 1230 1280; x_wconf 87' lang='lat' dir='ltr'>teri</span> <span class='ocrx_word' id='word_1_77' title='bbox 1253 1206 1299 1278; x_wconf 85' lang='lat' dir='ltr'>ad</span> <span class='ocrx_word' id='word_1_78' title='bbox 1316 1129 1538 1284; x_wconf 64' lang='lat' dir='ltr'>inurentium</span> <span class='ocrx_word' id='word_1_79' title='bbox 1575 1234 1686 1305; x_wconf 81' lang='lat' dir='ltr'>opom.</span> <span class='ocrx_word' id='word_1_80' title='bbox 1714 1209 1761 1286; x_wconf 76' lang='lat' dir='ltr'>Io·</span> <span class='ocrx_word' id='word_1_81' title='bbox 1769 1213 1837 1304; x_wconf 83' lang='lat' dir='ltr'>qio</span> <span class='ocrx_word' id='word_1_82' title='bbox 1847 1212 2005 1312; x_wconf 78' lang='lat' dir='ltr'>stngnlo.s</span> <span class='ocrx_word' id='word_1_83' title='bbox 2011 1215 2175 1313; x_wconf 79' lang='lat' dir='ltr'>articulos</span> <span class='ocrx_word' id='word_1_84' title='bbox 2167 1216 2260 1314; x_wconf 79' lang='lat' dir='ltr'>fidei</span> 
     </span>
     <span class='ocr_line' id='line_1_8' title="bbox 411 1234 2260 1411; baseline 0.002 -23"><span class='ocrx_word' id='word_1_85' title='bbox 411 1318 493 1393; x_wconf 87' lang='lat' dir='ltr'>noni</span> <span class='ocrx_word' id='word_1_86' title='bbox 518 1313 556 1389; x_wconf 74' lang='lat' dir='ltr'>ts</span> <span class='ocrx_word' id='word_1_87' title='bbox 569 1310 883 1408; x_wconf 73' lang='lat' dir='ltr'>neterrstesiomenti</span> <span class='ocrx_word' id='word_1_88' title='bbox 896 1234 1348 1403; x_wconf 58' lang='lat' dir='ltr'>oniioritotibnsconfirmot.</span> <span class='ocrx_word' id='word_1_89' title='bbox 1369 1305 1410 1382; x_wconf 66' lang='grc' dir='ltr'><strong>Θ</strong></span> <span class='ocrx_word' id='word_1_90' title='bbox 1427 1307 1529 1392; x_wconf 79' lang='lat' dir='ltr'>sierese</span> <span class='ocrx_word' id='word_1_91' title='bbox 1555 1307 1896 1408; x_wconf 81' lang='lat' dir='ltr'>contrariosdrstrnit.</span> <span class='ocrx_word' id='word_1_92' title='bbox 1920 1310 2071 1411; x_wconf 80' lang='lat' dir='ltr'>Epistola</span> <span class='ocrx_word' id='word_1_93' title='bbox 2081 1339 2170 1410; x_wconf 70' lang='lat' dir='ltr'>nmo.</span> <span class='ocrx_word' id='word_1_94' title='bbox 2193 1314 2260 1390; x_wconf 85' lang='lat' dir='ltr'>Ad</span> 
     </span>
     <span class='ocr_line' id='line_1_9' title="bbox 413 1396 2259 1508; baseline -0.003 -18"><span class='ocrx_word' id='word_1_95' title='bbox 413 1414 549 1490; x_wconf 79' lang='lat' dir='ltr'>calcem</span> <span class='ocrx_word' id='word_1_96' title='bbox 562 1412 678 1508; x_wconf 91' lang='lat' dir='ltr'>operis</span> <span class='ocrx_word' id='word_1_97' title='bbox 692 1408 845 1500; x_wconf 87' lang='lat' dir='ltr'>legitur:</span> <span class='ocrx_word' id='word_1_98' title='bbox 871 1404 1063 1506; x_wconf 81' lang='lat' dir='ltr'>Impreffum</span> <span class='ocrx_word' id='word_1_99' title='bbox 1084 1401 1188 1477; x_wconf 83' lang='lat' dir='ltr'><em>Rome</em></span> <span class='ocrx_word' id='word_1_100' title='bbox 1207 1399 1342 1502; x_wconf 80' lang='lat' dir='ltr'>opussn</span> <span class='ocrx_word' id='word_1_101' title='bbox 1354 1405 1451 1480; x_wconf 89' lang='lat' dir='ltr'>domo</span> <span class='ocrx_word' id='word_1_102' title='bbox 1467 1396 1563 1480; x_wconf 83' lang='lat' dir='ltr'>Petri</span> <span class='ocrx_word' id='word_1_103' title='bbox 1579 1404 1619 1481; x_wconf 70' lang='lat' dir='ltr'>ss</span> <span class='ocrx_word' id='word_1_104' title='bbox 1631 1404 1800 1505; x_wconf 85' lang='lat' dir='ltr'>Francisci</span> <span class='ocrx_word' id='word_1_105' title='bbox 1812 1407 1850 1481; x_wconf 86' lang='lat' dir='ltr'>de</span> <span class='ocrx_word' id='word_1_106' title='bbox 1863 1408 2040 1508; x_wconf 68' lang='lat' dir='ltr'>liserximifi</span> <span class='ocrx_word' id='word_1_107' title='bbox 2053 1414 2259 1487; x_wconf 83' lang='lat' dir='ltr'>inxtocorn·</span> 
     </span>
    </p>
   </div>
   <div class='ocr_carea' id='block_1_2' title="bbox 409 1499 2254 1738">
    <p class='ocr_par' dir='ltr' id='par_1_2' title="bbox 409 1499 2254 1738">
     <span class='ocr_line' id='line_1_10' title="bbox 409 1499 2254 1621; baseline -0.001 -36"><span class='ocrx_word' id='word_1_108' title='bbox 409 1539 491 1617; x_wconf 76' lang='lat' dir='ltr'>pum</span> <span class='ocrx_word' id='word_1_109' title='bbox 540 1536 604 1584; x_wconf 89' lang='lat' dir='ltr'>ore.</span> <span class='ocrx_word' id='word_1_110' title='bbox 620 1503 853 1603; x_wconf 73' lang='lat' dir='ltr'>perfidentibus</span> <span class='ocrx_word' id='word_1_111' title='bbox 873 1503 1030 1621; x_wconf 71' lang='lat' dir='ltr'>Conrodo</span> <span class='ocrx_word' id='word_1_112' title='bbox 1054 1499 1282 1617; x_wconf 68' lang='lat' dir='ltr'>Sonepnsreym</span> <span class='ocrx_word' id='word_1_113' title='bbox 1309 1499 1519 1620; x_wconf 23' lang='lat' dir='ltr'>&amp;UArnosdo</span> <span class='ocrx_word' id='word_1_114' title='bbox 1543 1503 1735 1602; x_wconf 76' lang='lat' dir='ltr'>Pannonia.</span> <span class='ocrx_word' id='word_1_115' title='bbox 1762 1504 1866 1582; x_wconf 69' lang='lat' dir='ltr'>rinno</span> <span class='ocrx_word' id='word_1_116' title='bbox 1889 1506 2014 1583; x_wconf 85' lang='lat' dir='ltr'>domini</span> <span class='ocrx_word' id='word_1_117' title='bbox 2033 1510 2170 1607; x_wconf 76' lang='lat' dir='ltr'>naeniis.</span> <span class='ocrx_word' id='word_1_118' title='bbox 2196 1511 2254 1602; x_wconf 82' lang='lat' dir='ltr'>M.</span> 
     </span>
     <span class='ocr_line' id='line_1_11' title="bbox 418 1598 2252 1738; baseline -0.002 -51"><span class='ocrx_word' id='word_1_119' title='bbox 418 1609 486 1687; x_wconf 87' lang='lat' dir='ltr'>CC</span> <span class='ocrx_word' id='word_1_120' title='bbox 520 1607 559 1684; x_wconf 90' lang='lat' dir='ltr'>C.</span> <span class='ocrx_word' id='word_1_121' title='bbox 576 1598 706 1683; x_wconf 85' lang='lat' dir='ltr'><strong>LXX.</strong></span> <span class='ocrx_word' id='word_1_122' title='bbox 720 1603 760 1682; x_wconf 88' lang='lat' dir='ltr'>S.</span> <span class='ocrx_word' id='word_1_123' title='bbox 774 1606 855 1738; x_wconf 50' lang='lat' dir='ltr'>dnn</span> <span class='ocrx_word' id='word_1_124' title='bbox 882 1604 1017 1680; x_wconf 79' lang='lat' dir='ltr'>domini.</span> <span class='ocrx_word' id='word_1_125' title='bbox 1046 1601 1148 1680; x_wconf 78' lang='lat' dir='ltr'>Paua</span> <span class='ocrx_word' id='word_1_126' title='bbox 1162 1599 1215 1677; x_wconf 88' lang='lat' dir='ltr'>II.</span> <span class='ocrx_word' id='word_1_127' title='bbox 1240 1598 1361 1678; x_wconf 81' lang='lat' dir='ltr'>Veneti</span> <span class='ocrx_word' id='word_1_128' title='bbox 1381 1602 1482 1681; x_wconf 84' lang='lat' dir='ltr'>Pont.</span> <span class='ocrx_word' id='word_1_129' title='bbox 1500 1603 1604 1680; x_wconf 83' lang='lat' dir='ltr'>Mox.</span> <span class='ocrx_word' id='word_1_130' title='bbox 1633 1628 1721 1679; x_wconf 84' lang='lat' dir='ltr'>anno</span> <span class='ocrx_word' id='word_1_131' title='bbox 1747 1604 1790 1680; x_wconf 80' lang='lat' dir='ltr'><em>V</em></span> <span class='ocrx_word' id='word_1_132' title='bbox 1785 1604 1815 1682; x_wconf 88' lang='lat' dir='ltr'>I.</span> <span class='ocrx_word' id='word_1_133' title='bbox 1838 1603 1932 1704; x_wconf 76' lang='lat' dir='ltr'>Velie</span> <span class='ocrx_word' id='word_1_134' title='bbox 1954 1606 1994 1684; x_wconf 72' lang='lat' dir='ltr'>ss</span> <span class='ocrx_word' id='word_1_135' title='bbox 2017 1607 2164 1711; x_wconf 80' lang='lat' dir='ltr'>Ecclesto</span> <span class='ocrx_word' id='word_1_136' title='bbox 2185 1615 2252 1706; x_wconf 80' lang='lat' dir='ltr'>sto·</span> 
     </span>
    </p>
   </div>
   <div class='ocr_carea' id='block_1_3' title="bbox 321 1719 514 1790">
    <p class='ocr_par' dir='ltr' id='par_1_3' title="bbox 321 1719 514 1790">
     <span class='ocr_line' id='line_1_12' title="bbox 321 1719 514 1790; baseline -0.026 -3"><span class='ocrx_word' id='word_1_137' title='bbox 321 1719 324 1728; x_wconf 83' lang='grc'><strong>“</strong></span> <span class='ocrx_word' id='word_1_138' title='bbox 388 1783 392 1790; x_wconf 91' lang='grc'><strong>,</strong></span> <span class='ocrx_word' id='word_1_139' title='bbox 413 1721 514 1787; x_wconf 85' lang='lat' dir='ltr'>rente.</span> 
     </span>
    </p>
   </div>
   <div class='ocr_carea' id='block_1_4' title="bbox 318 1797 2258 2296">
    <p class='ocr_par' dir='ltr' id='par_1_4' title="bbox 318 1797 2258 2100">
     <span class='ocr_line' id='line_1_13' title="bbox 510 1797 2258 1900; baseline 0.001 -19"><span class='ocrx_word' id='word_1_140' title='bbox 510 1805 624 1882; x_wconf 89' lang='lat' dir='ltr'>Tomo</span> <span class='ocrx_word' id='word_1_141' title='bbox 638 1802 812 1889; x_wconf 90' lang='lat' dir='ltr'>secundo,</span> <span class='ocrx_word' id='word_1_142' title='bbox 838 1800 900 1897; x_wconf 91' lang='lat' dir='ltr'>qui</span> <span class='ocrx_word' id='word_1_143' title='bbox 922 1800 1015 1876; x_wconf 88' lang='lat' dir='ltr'>foliis</span> <span class='ocrx_word' id='word_1_144' title='bbox 1039 1797 1108 1897; x_wconf 76' lang='lat'>33&#39;5</span> <span class='ocrx_word' id='word_1_145' title='bbox 1134 1798 1293 1898; x_wconf 76' lang='lat' dir='ltr'>constat,</span> <span class='ocrx_word' id='word_1_146' title='bbox 1322 1799 1360 1878; x_wconf 80' lang='lat' dir='ltr'>de</span> <span class='ocrx_word' id='word_1_147' title='bbox 1381 1799 1538 1900; x_wconf 86' lang='lat' dir='ltr'>reliquas</span> <span class='ocrx_word' id='word_1_148' title='bbox 1562 1803 1600 1882; x_wconf 89' lang='lat' dir='ltr'>S.</span> <span class='ocrx_word' id='word_1_149' title='bbox 1613 1801 1776 1890; x_wconf 71' lang='lat' dir='ltr'>Dodoris</span> <span class='ocrx_word' id='word_1_150' title='bbox 1805 1828 1826 1878; x_wconf 92' lang='lat' dir='ltr'>e</span> <span class='ocrx_word' id='word_1_151' title='bbox 1851 1804 1989 1890; x_wconf 79' lang='lat' dir='ltr'>istosne,</span> <span class='ocrx_word' id='word_1_152' title='bbox 2015 1804 2053 1882; x_wconf 81' lang='lat' dir='ltr'>de</span> <span class='ocrx_word' id='word_1_153' title='bbox 2082 1804 2258 1886; x_wconf 82' lang='lat' dir='ltr'>tratiatus</span> 
     </span>
     <span class='ocr_line' id='line_1_14' title="bbox 414 1828 2258 2001; baseline -0.002 -19"><span class='ocrx_word' id='word_1_154' title='bbox 414 1905 598 1989; x_wconf 88' lang='lat' dir='ltr'>continet,</span> <span class='ocrx_word' id='word_1_155' title='bbox 627 1904 695 1977; x_wconf 91' lang='lat' dir='ltr'>alia</span> <span class='ocrx_word' id='word_1_156' title='bbox 709 1901 888 2000; x_wconf 76' lang='lat' dir='ltr'>Aseriensts</span> <span class='ocrx_word' id='word_1_157' title='bbox 902 1897 1054 1998; x_wconf 86' lang='lat' dir='ltr'>Epistola</span> <span class='ocrx_word' id='word_1_158' title='bbox 1068 1897 1114 1974; x_wconf 91' lang='lat' dir='ltr'>ad</span> <span class='ocrx_word' id='word_1_159' title='bbox 1125 1921 1284 1974; x_wconf 77' lang='lat' dir='ltr'>anvavrn</span> <span class='ocrx_word' id='word_1_160' title='bbox 1298 1896 1346 1972; x_wconf 85' lang='lat' dir='ltr'>II</span> <span class='ocrx_word' id='word_1_161' title='bbox 1361 1901 1543 1997; x_wconf 89' lang='lat' dir='ltr'>praemissa</span> <span class='ocrx_word' id='word_1_162' title='bbox 1560 1905 1631 1988; x_wconf 89' lang='lat' dir='ltr'>est,</span> <span class='ocrx_word' id='word_1_163' title='bbox 1657 1926 1750 2001; x_wconf 91' lang='lat' dir='ltr'>quae</span> <span class='ocrx_word' id='word_1_164' title='bbox 1763 1828 1916 1982; x_wconf 69' lang='lat' dir='ltr'>obirem</span> <span class='ocrx_word' id='word_1_165' title='bbox 1930 1905 2189 1988; x_wconf 88' lang='lat' dir='ltr'>eruditionem,</span> <span class='ocrx_word' id='word_1_166' title='bbox 2210 1927 2258 1979; x_wconf 89' lang='lat' dir='ltr'>ac</span> 
     </span>
     <span class='ocr_line' id='line_1_15' title="bbox 318 1996 2257 2100; baseline -0.003 -18"><span class='ocrx_word' id='word_1_167' title='bbox 318 2096 320 2100; x_wconf 17' lang='lat'><strong>¹</strong></span> <span class='ocrx_word' id='word_1_168' title='bbox 413 2003 602 2099; x_wconf 85' lang='lat' dir='ltr'>multiplex</span> <span class='ocrx_word' id='word_1_169' title='bbox 616 2000 900 2076; x_wconf 88' lang='lat' dir='ltr'>emolumentum</span> <span class='ocrx_word' id='word_1_170' title='bbox 913 2000 1054 2095; x_wconf 88' lang='lat' dir='ltr'>integra</span> <span class='ocrx_word' id='word_1_171' title='bbox 1069 1996 1239 2074; x_wconf 78' lang='lat' dir='ltr'>mcinseri</span> <span class='ocrx_word' id='word_1_172' title='bbox 1252 2001 1484 2094; x_wconf 89' lang='lat' dir='ltr'>merebatur;</span> <span class='ocrx_word' id='word_1_173' title='bbox 1507 2000 1558 2076; x_wconf 88' lang='lat' dir='ltr'>ast</span> <span class='ocrx_word' id='word_1_174' title='bbox 1581 2026 1627 2076; x_wconf 95' lang='lat' dir='ltr'>ne</span> <span class='ocrx_word' id='word_1_175' title='bbox 1654 2005 1699 2076; x_wconf 90' lang='lat' dir='ltr'>ob</span> <span class='ocrx_word' id='word_1_176' title='bbox 1712 2004 1789 2078; x_wconf 88' lang='lat' dir='ltr'>eins</span> <span class='ocrx_word' id='word_1_177' title='bbox 1805 2004 2045 2100; x_wconf 82' lang='lat' dir='ltr'>prolixitatem</span> <span class='ocrx_word' id='word_1_178' title='bbox 2068 2003 2257 2078; x_wconf 79' lang='lat' dir='ltr'>letioribus</span> 
     </span>
    </p>

    <p class='ocr_par' dir='ltr' id='par_1_5' title="bbox 412 2094 2257 2296">
     <span class='ocr_line' id='line_1_16' title="bbox 413 2094 2254 2198; baseline -0.001 -19"><span class='ocrx_word' id='word_1_179' title='bbox 413 2104 506 2180; x_wconf 86' lang='lat' dir='ltr'>meis</span> <span class='ocrx_word' id='word_1_180' title='bbox 521 2101 627 2174; x_wconf 91' lang='lat' dir='ltr'>nimis</span> <span class='ocrx_word' id='word_1_181' title='bbox 642 2097 809 2174; x_wconf 83' lang='lat' dir='ltr'>onerosus</span> <span class='ocrx_word' id='word_1_182' title='bbox 820 2097 906 2184; x_wconf 80' lang='lat' dir='ltr'>sim,</span> <span class='ocrx_word' id='word_1_183' title='bbox 931 2112 1072 2172; x_wconf 85' lang='lat' dir='ltr'>tantum</span> <span class='ocrx_word' id='word_1_184' title='bbox 1086 2097 1246 2174; x_wconf 90' lang='lat' dir='ltr'>eiusdem</span> <span class='ocrx_word' id='word_1_185' title='bbox 1261 2094 1422 2194; x_wconf 79' lang='lat' dir='ltr'>synopsin</span> <span class='ocrx_word' id='word_1_186' title='bbox 1437 2099 1559 2195; x_wconf 87' lang='lat' dir='ltr'>paucis</span> <span class='ocrx_word' id='word_1_187' title='bbox 1571 2114 1655 2176; x_wconf 90' lang='lat' dir='ltr'>ante</span> <span class='ocrx_word' id='word_1_188' title='bbox 1669 2123 1793 2175; x_wconf 88' lang='lat' dir='ltr'>eorum</span> <span class='ocrx_word' id='word_1_189' title='bbox 1811 2101 1934 2174; x_wconf 89' lang='lat' dir='ltr'>oculos</span> <span class='ocrx_word' id='word_1_190' title='bbox 1956 2122 2088 2198; x_wconf 90' lang='lat' dir='ltr'>ponere</span> <span class='ocrx_word' id='word_1_191' title='bbox 2106 2157 2115 2188; x_wconf 91' lang='lat'>,</span> <span class='ocrx_word' id='word_1_192' title='bbox 2140 2102 2254 2177; x_wconf 72' lang='lat' dir='ltr'>stertui.</span> 
     </span>
     <span class='ocr_line' id='line_1_17' title="bbox 412 2195 2257 2296; baseline 0.001 -22"><span class='ocrx_word' id='word_1_193' title='bbox 412 2202 443 2279; x_wconf 91' lang='lat'>1.</span> <span class='ocrx_word' id='word_1_194' title='bbox 460 2198 586 2292; x_wconf 82' lang='lat' dir='ltr'>Dirigit</span> <span class='ocrx_word' id='word_1_195' title='bbox 599 2196 779 2290; x_wconf 81' lang='lat' dir='ltr'>Alerienfis</span> <span class='ocrx_word' id='word_1_196' title='bbox 797 2198 995 2272; x_wconf 89' lang='lat' dir='ltr'>orationem</span> <span class='ocrx_word' id='word_1_197' title='bbox 1016 2195 1111 2270; x_wconf 90' lang='lat' dir='ltr'>suam</span> <span class='ocrx_word' id='word_1_198' title='bbox 1127 2207 1202 2270; x_wconf 88' lang='lat' dir='ltr'>tam</span> <span class='ocrx_word' id='word_1_199' title='bbox 1214 2195 1261 2270; x_wconf 90' lang='lat' dir='ltr'>ad</span> <span class='ocrx_word' id='word_1_200' title='bbox 1272 2197 1463 2272; x_wconf 90' lang='lat' dir='ltr'>Summum</span> <span class='ocrx_word' id='word_1_201' title='bbox 1480 2197 1713 2284; x_wconf 79' lang='lat' dir='ltr'>Pontificem,</span> <span class='ocrx_word' id='word_1_202' title='bbox 1735 2221 1841 2296; x_wconf 88' lang='lat' dir='ltr'>quam</span> <span class='ocrx_word' id='word_1_203' title='bbox 1856 2199 1900 2272; x_wconf 90' lang='lat' dir='ltr'>ad</span> <span class='ocrx_word' id='word_1_204' title='bbox 1919 2224 2044 2273; x_wconf 87' lang='lat' dir='ltr'>onmes</span> <span class='ocrx_word' id='word_1_205' title='bbox 2054 2197 2257 2276; x_wconf 87' lang='lat' dir='ltr'>litterarum</span> 
     </span>
    </p>
   </div>
   <div class='ocr_carea' id='block_1_5' title="bbox 243 2294 2260 2499">
    <p class='ocr_par' dir='ltr' id='par_1_6' title="bbox 243 2294 2260 2499">
     <span class='ocr_line' id='line_1_18' title="bbox 284 2294 2260 2394; baseline 0.002 -23"><span class='ocrx_word' id='word_1_206' title='bbox 284 2367 286 2371; x_wconf 86' lang='lat'><strong>.</strong></span> <span class='ocrx_word' id='word_1_207' title='bbox 412 2298 603 2381; x_wconf 67' lang='lat' dir='ltr'>nudiores,</span> <span class='ocrx_word' id='word_1_208' title='bbox 629 2320 719 2394; x_wconf 94' lang='lat' dir='ltr'>quos</span> <span class='ocrx_word' id='word_1_209' title='bbox 732 2294 905 2392; x_wconf 89' lang='lat' dir='ltr'>persuum</span> <span class='ocrx_word' id='word_1_210' title='bbox 917 2296 1117 2391; x_wconf 89' lang='lat' dir='ltr'>improbum</span> <span class='ocrx_word' id='word_1_211' title='bbox 1133 2294 1315 2379; x_wconf 91' lang='lat' dir='ltr'>laborem,</span> <span class='ocrx_word' id='word_1_212' title='bbox 1339 2295 1408 2370; x_wconf 94' lang='lat' dir='ltr'>illis</span> <span class='ocrx_word' id='word_1_213' title='bbox 1420 2299 1642 2393; x_wconf 91' lang='lat' dir='ltr'>procurando</span> <span class='ocrx_word' id='word_1_214' title='bbox 1662 2295 1836 2372; x_wconf 82' lang='lat' dir='ltr'>editiones</span> <span class='ocrx_word' id='word_1_215' title='bbox 1848 2295 2021 2370; x_wconf 71' lang='lat' dir='ltr'>comestas</span> <span class='ocrx_word' id='word_1_216' title='bbox 2041 2355 2050 2382; x_wconf 92' lang='lat'>,</span> <span class='ocrx_word' id='word_1_217' title='bbox 2078 2300 2163 2375; x_wconf 80' lang='lat' dir='ltr'>&amp;in</span> <span class='ocrx_word' id='word_1_218' title='bbox 2179 2323 2260 2374; x_wconf 58' lang='lat' dir='ltr'>cere</span> 
     </span>
     <span class='ocr_line' id='line_1_19' title="bbox 243 2392 2257 2499; baseline 0 -27"><span class='ocrx_word' id='word_1_219' title='bbox 243 2393 255 2399; x_wconf 76' lang='grc'><em>“</em></span> <span class='ocrx_word' id='word_1_220' title='bbox 281 2407 295 2416; x_wconf 84' lang='grc'><em>“</em></span> <span class='ocrx_word' id='word_1_221' title='bbox 413 2408 493 2472; x_wconf 87' lang='lat' dir='ltr'>tum</span> <span class='ocrx_word' id='word_1_222' title='bbox 508 2396 670 2470; x_wconf 89' lang='lat' dir='ltr'>ordinem</span> <span class='ocrx_word' id='word_1_223' title='bbox 681 2392 861 2477; x_wconf 81' lang='lat' dir='ltr'>redaiias,</span> <span class='ocrx_word' id='word_1_224' title='bbox 885 2393 945 2468; x_wconf 86' lang='lat' dir='ltr'>fibi</span> <span class='ocrx_word' id='word_1_225' title='bbox 958 2392 1150 2468; x_wconf 86' lang='lat' dir='ltr'>deuinniise</span> <span class='ocrx_word' id='word_1_226' title='bbox 1164 2394 1299 2476; x_wconf 89' lang='lat' dir='ltr'>credit,</span> <span class='ocrx_word' id='word_1_227' title='bbox 1324 2395 1696 2492; x_wconf 79' lang='lat' dir='ltr'>cumtnntnmlrgendo</span> <span class='ocrx_word' id='word_1_228' title='bbox 1717 2392 2153 2492; x_wconf 70' lang='lat' dir='ltr'>breninrorusosneritquir</span> <span class='ocrx_word' id='word_1_229' title='bbox 2174 2395 2257 2499; x_wconf 68' lang='lat' dir='ltr'>offe·</span> 
     </span>
    </p>
   </div>
   <div class='ocr_carea' id='block_1_6' title="bbox 295 2475 2299 3577">
    <p class='ocr_par' dir='ltr' id='par_1_7' title="bbox 295 2475 2299 3577">
     <span class='ocr_line' id='line_1_20' title="bbox 295 2475 2257 2591; baseline -0.001 -20"><span class='ocrx_word' id='word_1_230' title='bbox 295 2565 300 2579; x_wconf 84' lang='lat'>‚</span> <span class='ocrx_word' id='word_1_231' title='bbox 414 2507 535 2581; x_wconf 81' lang='lat' dir='ltr'>eninr,</span> <span class='ocrx_word' id='word_1_232' title='bbox 567 2506 727 2590; x_wconf 84' lang='lat' dir='ltr'>qnantum</span> <span class='ocrx_word' id='word_1_233' title='bbox 742 2491 794 2566; x_wconf 83' lang='lat' dir='ltr'>ilie</span> <span class='ocrx_word' id='word_1_234' title='bbox 808 2494 947 2565; x_wconf 80' lang='lat' dir='ltr'>nultum</span> <span class='ocrx_word' id='word_1_235' title='bbox 960 2493 1021 2565; x_wconf 87' lang='lat' dir='ltr'>nix</span> <span class='ocrx_word' id='word_1_236' title='bbox 1035 2475 1147 2564; x_wconf 74' lang='lat' dir='ltr'>dicias</span> <span class='ocrx_word' id='word_1_237' title='bbox 1161 2490 1399 2590; x_wconf 77' lang='lat' dir='ltr'>apprehendere</span> <span class='ocrx_word' id='word_1_238' title='bbox 1412 2490 1452 2567; x_wconf 85' lang='lat' dir='ltr'>ob</span> <span class='ocrx_word' id='word_1_239' title='bbox 1467 2496 1516 2567; x_wconf 88' lang='lat' dir='ltr'>rei</span> <span class='ocrx_word' id='word_1_240' title='bbox 1536 2493 1757 2591; x_wconf 76' lang='lat' dir='ltr'>difficultatem</span> <span class='ocrx_word' id='word_1_241' title='bbox 1768 2496 1923 2590; x_wconf 79' lang='lat' dir='ltr'>potnerit.</span> <span class='ocrx_word' id='word_1_242' title='bbox 1965 2494 2007 2568; x_wconf 88' lang='lat' dir='ltr'>il.</span> <span class='ocrx_word' id='word_1_243' title='bbox 2034 2495 2135 2568; x_wconf 87' lang='lat' dir='ltr'>Sicut</span> <span class='ocrx_word' id='word_1_244' title='bbox 2162 2495 2257 2571; x_wconf 90' lang='lat' dir='ltr'>sum-</span> 
     </span>
     <span class='ocr_line' id='line_1_21' title="bbox 414 2589 2258 2690; baseline -0.001 -19"><span class='ocrx_word' id='word_1_245' title='bbox 414 2616 564 2690; x_wconf 84' lang='lat' dir='ltr'>mopere</span> <span class='ocrx_word' id='word_1_246' title='bbox 577 2591 741 2666; x_wconf 88' lang='lat' dir='ltr'>homines</span> <span class='ocrx_word' id='word_1_247' title='bbox 754 2589 1082 2665; x_wconf 89' lang='lat' dir='ltr'>omniinsacultate</span> <span class='ocrx_word' id='word_1_248' title='bbox 1095 2589 1303 2685; x_wconf 89' lang='lat' dir='ltr'>consurgere</span> <span class='ocrx_word' id='word_1_249' title='bbox 1317 2614 1362 2665; x_wconf 87' lang='lat' dir='ltr'>cu</span> <span class='ocrx_word' id='word_1_250' title='bbox 1387 2592 1442 2677; x_wconf 92' lang='lat' dir='ltr'>it,</span> <span class='ocrx_word' id='word_1_251' title='bbox 1478 2592 1527 2665; x_wconf 89' lang='lat' dir='ltr'>ita</span> <span class='ocrx_word' id='word_1_252' title='bbox 1550 2592 1633 2675; x_wconf 91' lang='lat' dir='ltr'>suo,</span> <span class='ocrx_word' id='word_1_253' title='bbox 1660 2593 1697 2668; x_wconf 81' lang='lat' dir='ltr'>de</span> <span class='ocrx_word' id='word_1_254' title='bbox 1712 2592 1749 2667; x_wconf 88' lang='lat' dir='ltr'>S.</span> <span class='ocrx_word' id='word_1_255' title='bbox 1764 2591 1925 2666; x_wconf 78' lang='lat' dir='ltr'>Dotioris</span> <span class='ocrx_word' id='word_1_256' title='bbox 1951 2593 2114 2689; x_wconf 85' lang='lat' dir='ltr'>exemplo</span> <span class='ocrx_word' id='word_1_257' title='bbox 2127 2617 2258 2670; x_wconf 86' lang='lat' dir='ltr'>omnes</span> 
     </span>
     <span class='ocr_line' id='line_1_22' title="bbox 415 2615 2299 2788; baseline -0.001 -18"><span class='ocrx_word' id='word_1_258' title='bbox 415 2694 464 2770; x_wconf 89' lang='lat' dir='ltr'>ad</span> <span class='ocrx_word' id='word_1_259' title='bbox 484 2690 705 2767; x_wconf 84' lang='lat' dir='ltr'>scientiarum</span> <span class='ocrx_word' id='word_1_260' title='bbox 725 2687 922 2784; x_wconf 88' lang='lat' dir='ltr'>disciplinas</span> <span class='ocrx_word' id='word_1_261' title='bbox 944 2689 1139 2762; x_wconf 84' lang='lat' dir='ltr'>accendere</span> <span class='ocrx_word' id='word_1_262' title='bbox 1158 2705 1317 2762; x_wconf 90' lang='lat' dir='ltr'>conatur.</span> <span class='ocrx_word' id='word_1_263' title='bbox 1354 2615 1416 2763; x_wconf 73' lang='lat' dir='ltr'>ill.</span> <span class='ocrx_word' id='word_1_264' title='bbox 1451 2686 1654 2762; x_wconf 81' lang='lat' dir='ltr'>Timdornnr</span> <span class='ocrx_word' id='word_1_265' title='bbox 1675 2713 1838 2775; x_wconf 76' lang='lat' dir='ltr'>cazani,</span> <span class='ocrx_word' id='word_1_266' title='bbox 1867 2690 1927 2786; x_wconf 91' lang='lat' dir='ltr'>qui</span> <span class='ocrx_word' id='word_1_267' title='bbox 1956 2691 2002 2764; x_wconf 88' lang='lat' dir='ltr'>ad</span> <span class='ocrx_word' id='word_1_268' title='bbox 2026 2692 2257 2788; x_wconf 80' lang='lat' dir='ltr'>explicandos</span> <span class='ocrx_word' id='word_1_269' title='bbox 2295 2706 2299 2713; x_wconf 83' lang='lat'>&#39;</span> 
     </span>
     <span class='ocr_line' id='line_1_23' title="bbox 413 2785 2256 2891; baseline 0.001 -26"><span class='ocrx_word' id='word_1_270' title='bbox 413 2810 628 2886; x_wconf 84' lang='lat' dir='ltr'>graecorum</span> <span class='ocrx_word' id='word_1_271' title='bbox 643 2789 742 2863; x_wconf 83' lang='lat' dir='ltr'>locos</span> <span class='ocrx_word' id='word_1_272' title='bbox 758 2811 841 2862; x_wconf 90' lang='lat' dir='ltr'>eum</span> <span class='ocrx_word' id='word_1_273' title='bbox 856 2787 952 2860; x_wconf 85' lang='lat' dir='ltr'>haud</span> <span class='ocrx_word' id='word_1_274' title='bbox 967 2805 1091 2882; x_wconf 85' lang='lat' dir='ltr'>parum</span> <span class='ocrx_word' id='word_1_275' title='bbox 1112 2788 1270 2870; x_wconf 81' lang='lat' dir='ltr'>adiuuit,</span> <span class='ocrx_word' id='word_1_276' title='bbox 1294 2786 1312 2861; x_wconf 91' lang='lat' dir='ltr'>s</span> <span class='ocrx_word' id='word_1_277' title='bbox 1330 2785 1569 2862; x_wconf 87' lang='lat' dir='ltr'>lendidilsnnis</span> <span class='ocrx_word' id='word_1_278' title='bbox 1592 2787 1738 2862; x_wconf 88' lang='lat' dir='ltr'>laudum</span> <span class='ocrx_word' id='word_1_279' title='bbox 1750 2790 1924 2888; x_wconf 76' lang='lat' dir='ltr'>encomiis</span> <span class='ocrx_word' id='word_1_280' title='bbox 1935 2793 2107 2866; x_wconf 81' lang='lat' dir='ltr'>exornat:</span> <span class='ocrx_word' id='word_1_281' title='bbox 2133 2787 2256 2891; x_wconf 71' lang='lat' dir='ltr'>Hicefi</span> 
     </span>
     <span class='ocr_line' id='line_1_24' title="bbox 414 2882 2256 2987; baseline 0.001 -23"><span class='ocrx_word' id='word_1_282' title='bbox 414 2889 558 2987; x_wconf 85' lang='lat' dir='ltr'>inquit,</span> <span class='ocrx_word' id='word_1_283' title='bbox 578 2912 667 2961; x_wconf 84' lang='lat' dir='ltr'>meae</span> <span class='ocrx_word' id='word_1_284' title='bbox 678 2888 907 2984; x_wconf 78' lang='lat' dir='ltr'>nauigationis</span> <span class='ocrx_word' id='word_1_285' title='bbox 921 2884 1126 2986; x_wconf 79' lang='lat' dir='ltr'>septentrio,</span> <span class='ocrx_word' id='word_1_286' title='bbox 1149 2882 1272 2980; x_wconf 83' lang='lat' dir='ltr'>obrqne</span> <span class='ocrx_word' id='word_1_287' title='bbox 1347 2885 1466 2958; x_wconf 86' lang='lat' dir='ltr'>eodoro</span> <span class='ocrx_word' id='word_1_288' title='bbox 1479 2911 1548 2958; x_wconf 86' lang='lat' dir='ltr'>meo</span> <span class='ocrx_word' id='word_1_289' title='bbox 1562 2909 1627 2960; x_wconf 91' lang='lat' dir='ltr'>non</span> <span class='ocrx_word' id='word_1_290' title='bbox 1641 2889 1749 2983; x_wconf 82' lang='lat' dir='ltr'>magis</span> <span class='ocrx_word' id='word_1_291' title='bbox 1762 2887 1942 2984; x_wconf 80' lang='lat' dir='ltr'>quidquam</span> <span class='ocrx_word' id='word_1_292' title='bbox 1955 2887 2141 2986; x_wconf 84' lang='lat' dir='ltr'>adgredior,</span> <span class='ocrx_word' id='word_1_293' title='bbox 2155 2917 2256 2986; x_wconf 83' lang='lat' dir='ltr'>quom</span> 
     </span>
     <span class='ocr_line' id='line_1_25' title="bbox 416 2982 2252 3087; baseline -0.001 -26"><span class='ocrx_word' id='word_1_294' title='bbox 416 2986 541 3083; x_wconf 82' lang='lat' dir='ltr'>absque</span> <span class='ocrx_word' id='word_1_295' title='bbox 554 3011 624 3060; x_wconf 89' lang='lat' dir='ltr'>meo</span> <span class='ocrx_word' id='word_1_296' title='bbox 635 2988 758 3083; x_wconf 87' lang='lat' dir='ltr'>genio:</span> <span class='ocrx_word' id='word_1_297' title='bbox 790 3009 914 3062; x_wconf 87' lang='lat' dir='ltr'>omnem</span> <span class='ocrx_word' id='word_1_298' title='bbox 929 3008 964 3055; x_wconf 81' lang='lat' dir='ltr'>ro</span> <span class='ocrx_word' id='word_1_299' title='bbox 978 2982 1057 3057; x_wconf 85' lang='lat' dir='ltr'>dncr</span> <span class='ocrx_word' id='word_1_300' title='bbox 1070 2986 1200 3068; x_wconf 82' lang='lat' dir='ltr'>verius,</span> <span class='ocrx_word' id='word_1_301' title='bbox 1230 3008 1329 3080; x_wconf 81' lang='lat' dir='ltr'>quom</span> <span class='ocrx_word' id='word_1_302' title='bbox 1351 2985 1490 3068; x_wconf 87' lang='lat' dir='ltr'>comite,</span> <span class='ocrx_word' id='word_1_303' title='bbox 1513 3009 1562 3055; x_wconf 83' lang='lat' dir='ltr'>ene</span> <span class='ocrx_word' id='word_1_304' title='bbox 1582 3010 1685 3082; x_wconf 78' lang='lat' dir='ltr'>prope</span> <span class='ocrx_word' id='word_1_305' title='bbox 1704 2984 1847 3059; x_wconf 83' lang='lat' dir='ltr'>dixerim</span> <span class='ocrx_word' id='word_1_306' title='bbox 1860 2990 1895 3060; x_wconf 93' lang='lat' dir='ltr'>in</span> <span class='ocrx_word' id='word_1_307' title='bbox 1910 2989 2104 3086; x_wconf 83' lang='lat' dir='ltr'>corrigendo</span> <span class='ocrx_word' id='word_1_308' title='bbox 2115 2989 2252 3087; x_wconf 74' lang='lat' dir='ltr'>impoffl·</span> 
     </span>
     <span class='ocr_line' id='line_1_26' title="bbox 417 3079 2251 3182; baseline -0.001 -21"><span class='ocrx_word' id='word_1_309' title='bbox 417 3083 782 3182; x_wconf 80' lang='lat' dir='ltr'>bilitotemsnperotnm</span> <span class='ocrx_word' id='word_1_310' title='bbox 795 3085 843 3155; x_wconf 90' lang='lat' dir='ltr'>ire</span> <span class='ocrx_word' id='word_1_311' title='bbox 864 3080 950 3180; x_wconf 77' lang='lat' dir='ltr'>poffe</span> <span class='ocrx_word' id='word_1_312' title='bbox 967 3082 1094 3177; x_wconf 81' lang='lat' dir='ltr'>confido</span> <span class='ocrx_word' id='word_1_313' title='bbox 1111 3104 1119 3154; x_wconf 90' lang='lat'><strong>:</strong></span> <span class='ocrx_word' id='word_1_314' title='bbox 1153 3081 1192 3154; x_wconf 85' lang='lat' dir='ltr'>de</span> <span class='ocrx_word' id='word_1_315' title='bbox 1205 3106 1269 3178; x_wconf 85' lang='lat' dir='ltr'>qno</span> <span class='ocrx_word' id='word_1_316' title='bbox 1282 3084 1410 3155; x_wconf 86' lang='lat' dir='ltr'>vtinam</span> <span class='ocrx_word' id='word_1_317' title='bbox 1425 3085 1553 3156; x_wconf 78' lang='lat' dir='ltr'>reniero</span> <span class='ocrx_word' id='word_1_318' title='bbox 1563 3107 1609 3178; x_wconf 17' lang='lat' dir='ltr'>*po</span> <span class='ocrx_word' id='word_1_319' title='bbox 1635 3109 1683 3156; x_wconf 88' lang='lat' dir='ltr'>em</span> <span class='ocrx_word' id='word_1_320' title='bbox 1697 3084 1796 3178; x_wconf 81' lang='lat' dir='ltr'>ioqrei.</span> <span class='ocrx_word' id='word_1_321' title='bbox 1850 3086 1942 3160; x_wconf 88' lang='lat' dir='ltr'>Dein</span> <span class='ocrx_word' id='word_1_322' title='bbox 1969 3087 2114 3161; x_wconf 83' lang='lat' dir='ltr'>alicuius</span> <span class='ocrx_word' id='word_1_323' title='bbox 2139 3079 2251 3182; x_wconf 86' lang='lat' dir='ltr'>ignoti</span> 
     </span>
     <span class='ocr_line' id='line_1_27' title="bbox 413 3178 2283 3283; baseline -0.004 -19"><span class='ocrx_word' id='word_1_324' title='bbox 413 3184 596 3268; x_wconf 87' lang='lat' dir='ltr'>iudicandi</span> <span class='ocrx_word' id='word_1_325' title='bbox 612 3182 934 3278; x_wconf 73' lang='lat' dir='ltr'>praecipitandam,</span> <span class='ocrx_word' id='word_1_326' title='bbox 957 3196 1065 3276; x_wconf 89' lang='lat' dir='ltr'>atque</span> <span class='ocrx_word' id='word_1_327' title='bbox 1081 3178 1312 3274; x_wconf 84' lang='lat' dir='ltr'>insipientiam</span> <span class='ocrx_word' id='word_1_328' title='bbox 1327 3181 1517 3276; x_wconf 84' lang='lat' dir='ltr'>redarguit</span> <span class='ocrx_word' id='word_1_329' title='bbox 1567 3185 1581 3256; x_wconf 91' lang='lat' dir='ltr'>l</span> <span class='ocrx_word' id='word_1_330' title='bbox 1617 3239 1626 3258; x_wconf 96' lang='lat'><strong>.</strong></span> <span class='ocrx_word' id='word_1_331' title='bbox 1651 3184 1689 3259; x_wconf 87' lang='lat' dir='ltr'>S.</span> <span class='ocrx_word' id='word_1_332' title='bbox 1705 3181 1863 3258; x_wconf 79' lang='lat' dir='ltr'>nonoris</span> <span class='ocrx_word' id='word_1_333' title='bbox 1887 3182 1949 3258; x_wconf 91' lang='lat' dir='ltr'>scri</span> <span class='ocrx_word' id='word_1_334' title='bbox 1974 3198 2011 3258; x_wconf 87' lang='lat' dir='ltr'>ta</span> <span class='ocrx_word' id='word_1_335' title='bbox 2025 3185 2162 3283; x_wconf 79' lang='lat' dir='ltr'>prolixo</span> <span class='ocrx_word' id='word_1_336' title='bbox 2184 3183 2253 3256; x_wconf 87' lang='lat' dir='ltr'>ser·</span> <span class='ocrx_word' id='word_1_337' title='bbox 2277 3265 2283 3282; x_wconf 93' lang='lat'><strong>.</strong></span> 
     </span>
     <span class='ocr_line' id='line_1_28' title="bbox 316 3207 2255 3380; baseline -0.001 -22"><span class='ocrx_word' id='word_1_338' title='bbox 316 3305 318 3310; x_wconf 78' lang='grc'><strong>’</strong></span> <span class='ocrx_word' id='word_1_339' title='bbox 413 3307 526 3368; x_wconf 83' lang='lat' dir='ltr'>mone</span> <span class='ocrx_word' id='word_1_340' title='bbox 539 3282 685 3365; x_wconf 87' lang='lat' dir='ltr'>laudat,</span> <span class='ocrx_word' id='word_1_341' title='bbox 715 3280 867 3360; x_wconf 88' lang='lat' dir='ltr'>&amp;omni</span> <span class='ocrx_word' id='word_1_342' title='bbox 882 3279 1030 3376; x_wconf 87' lang='lat' dir='ltr'>energia</span> <span class='ocrx_word' id='word_1_343' title='bbox 1049 3278 1191 3373; x_wconf 79' lang='lat' dir='ltr'>singulis</span> <span class='ocrx_word' id='word_1_344' title='bbox 1213 3281 1456 3357; x_wconf 88' lang='lat' dir='ltr'>commendat.</span> <span class='ocrx_word' id='word_1_345' title='bbox 1509 3278 1580 3378; x_wconf 77' lang='lat' dir='ltr'>Qui</span> <span class='ocrx_word' id='word_1_346' title='bbox 1592 3282 1720 3370; x_wconf 86' lang='lat' dir='ltr'>olium,</span> <span class='ocrx_word' id='word_1_347' title='bbox 1754 3285 1805 3356; x_wconf 85' lang='lat' dir='ltr'>ait</span> <span class='ocrx_word' id='word_1_348' title='bbox 1826 3337 1836 3367; x_wconf 89' lang='lat'>,</span> <span class='ocrx_word' id='word_1_349' title='bbox 1860 3207 2029 3380; x_wconf 60' lang='lat' dir='ltr'>proriirrte</span> <span class='ocrx_word' id='word_1_350' title='bbox 2050 3279 2255 3380; x_wconf 70' lang='lat' dir='ltr'>Hieronymo</span> 
     </span>
     <span class='ocr_line' id='line_1_29' title="bbox 320 3376 2258 3481; baseline -0.001 -24"><span class='ocrx_word' id='word_1_351' title='bbox 320 3442 322 3446; x_wconf 88' lang='lat'><strong>.</strong></span> <span class='ocrx_word' id='word_1_352' title='bbox 416 3383 550 3481; x_wconf 84' lang='lat' dir='ltr'>quaerit</span> <span class='ocrx_word' id='word_1_353' title='bbox 561 3384 691 3476; x_wconf 84' lang='lat' dir='ltr'>legere,</span> <span class='ocrx_word' id='word_1_354' title='bbox 716 3376 843 3454; x_wconf 82' lang='lat' dir='ltr'>ciborio</span> <span class='ocrx_word' id='word_1_355' title='bbox 856 3403 965 3473; x_wconf 83' lang='lat' dir='ltr'>pone,</span> <span class='ocrx_word' id='word_1_356' title='bbox 989 3378 1111 3452; x_wconf 75' lang='lat' dir='ltr'>resisiis</span> <span class='ocrx_word' id='word_1_357' title='bbox 1124 3376 1356 3471; x_wconf 79' lang='lat' dir='ltr'>esculentorum</span> <span class='ocrx_word' id='word_1_358' title='bbox 1374 3377 1499 3452; x_wconf 85' lang='lat' dir='ltr'>deliciis</span> <span class='ocrx_word' id='word_1_359' title='bbox 1510 3381 1602 3474; x_wconf 75' lang='lat' dir='ltr'>cupit</span> <span class='ocrx_word' id='word_1_360' title='bbox 1613 3381 1752 3475; x_wconf 79' lang='lat' dir='ltr'>impleri.</span> <span class='ocrx_word' id='word_1_361' title='bbox 1800 3381 1843 3457; x_wconf 90' lang='lat' dir='ltr'>V.</span> <span class='ocrx_word' id='word_1_362' title='bbox 1858 3380 2044 3458; x_wconf 81' lang='lat' dir='ltr'>Admonet</span> <span class='ocrx_word' id='word_1_363' title='bbox 2053 3404 2200 3466; x_wconf 85' lang='lat' dir='ltr'>omnes,</span> <span class='ocrx_word' id='word_1_364' title='bbox 2215 3392 2258 3456; x_wconf 81' lang='lat' dir='ltr'>vt</span> 
     </span>
     <span class='ocr_line' id='line_1_30' title="bbox 416 3466 2266 3577; baseline -0.002 -22"><span class='ocrx_word' id='word_1_365' title='bbox 416 3480 590 3577; x_wconf 84' lang='lat' dir='ltr'>quidquid</span> <span class='ocrx_word' id='word_1_366' title='bbox 607 3478 778 3577; x_wconf 89' lang='lat' dir='ltr'>temporis</span> <span class='ocrx_word' id='word_1_367' title='bbox 804 3476 1031 3552; x_wconf 88' lang='lat' dir='ltr'>describendo</span> <span class='ocrx_word' id='word_1_368' title='bbox 1045 3466 1273 3551; x_wconf 89' lang='lat' dir='ltr'>insumsrssent</span> <span class='ocrx_word' id='word_1_369' title='bbox 1296 3529 1307 3562; x_wconf 90' lang='lat'>,</span> <span class='ocrx_word' id='word_1_370' title='bbox 1333 3499 1430 3552; x_wconf 86' lang='lat' dir='ltr'>nunc</span> <span class='ocrx_word' id='word_1_371' title='bbox 1455 3476 1541 3550; x_wconf 90' lang='lat' dir='ltr'>illud</span> <span class='ocrx_word' id='word_1_372' title='bbox 1556 3497 1663 3551; x_wconf 89' lang='lat' dir='ltr'>omne</span> <span class='ocrx_word' id='word_1_373' title='bbox 1678 3477 1905 3573; x_wconf 86' lang='lat' dir='ltr'>perdiscendo</span> <span class='ocrx_word' id='word_1_374' title='bbox 1920 3492 2070 3566; x_wconf 89' lang='lat' dir='ltr'>terant,</span> <span class='ocrx_word' id='word_1_375' title='bbox 2104 3479 2266 3577; x_wconf 81' lang='lat' dir='ltr'>plusque¹</span> 
     </span>
    </p>
   </div>
   <div class='ocr_carea' id='block_1_7' title="bbox 261 3561 2259 3671">
    <p class='ocr_par' dir='ltr' id='par_1_8' title="bbox 261 3561 2259 3671">
     <span class='ocr_line' id='line_1_31' title="bbox 261 3561 2259 3671; baseline -0.004 -16"><span class='ocrx_word' id='word_1_376' title='bbox 261 3561 267 3576; x_wconf 48' lang='lat'>⁸</span> <span class='ocrx_word' id='word_1_377' title='bbox 329 3627 333 3631; x_wconf 96' lang='lat'>-</span> <span class='ocrx_word' id='word_1_378' title='bbox 417 3596 544 3655; x_wconf 89' lang='lat' dir='ltr'>ament</span> <span class='ocrx_word' id='word_1_379' title='bbox 555 3573 749 3652; x_wconf 78' lang='lat' dir='ltr'>dostrinam</span> <span class='ocrx_word' id='word_1_380' title='bbox 770 3629 780 3658; x_wconf 87' lang='lat'>,</span> <span class='ocrx_word' id='word_1_381' title='bbox 804 3598 911 3671; x_wconf 87' lang='lat' dir='ltr'>quam</span> <span class='ocrx_word' id='word_1_382' title='bbox 924 3573 1115 3662; x_wconf 88' lang='lat' dir='ltr'>chartam,</span> <span class='ocrx_word' id='word_1_383' title='bbox 1139 3574 1177 3650; x_wconf 80' lang='lat' dir='ltr'>de</span> <span class='ocrx_word' id='word_1_384' title='bbox 1192 3572 1382 3670; x_wconf 89' lang='lat' dir='ltr'>sapientiae</span> <span class='ocrx_word' id='word_1_385' title='bbox 1403 3572 1674 3670; x_wconf 79' lang='lat' dir='ltr'>suppelletlilem</span> <span class='ocrx_word' id='word_1_386' title='bbox 1688 3574 1821 3652; x_wconf 88' lang='lat' dir='ltr'>scriniis</span> <span class='ocrx_word' id='word_1_387' title='bbox 1834 3577 2016 3653; x_wconf 88' lang='lat' dir='ltr'>reclusam.</span> <span class='ocrx_word' id='word_1_388' title='bbox 2039 3577 2099 3654; x_wconf 74' lang='lat' dir='ltr'>Vi</span> <span class='ocrx_word' id='word_1_389' title='bbox 2113 3577 2259 3650; x_wconf 79' lang='lat' dir='ltr'>Gratias</span> 
     </span>
    </p>
   </div>
   <div class='ocr_carea' id='block_1_8' title="bbox 336 3672 2320 4081">
    <p class='ocr_par' dir='ltr' id='par_1_9' title="bbox 336 3672 2320 4081">
     <span class='ocr_line' id='line_1_32' title="bbox 418 3672 2258 3769; baseline -0.004 -15"><span class='ocrx_word' id='word_1_390' title='bbox 418 3678 458 3754; x_wconf 80' lang='lat' dir='ltr'>dc</span> <span class='ocrx_word' id='word_1_391' title='bbox 473 3679 571 3761; x_wconf 89' lang='lat' dir='ltr'>Deo,</span> <span class='ocrx_word' id='word_1_392' title='bbox 595 3681 632 3753; x_wconf 82' lang='lat' dir='ltr'>de</span> <span class='ocrx_word' id='word_1_393' title='bbox 646 3678 682 3751; x_wconf 89' lang='lat' dir='ltr'>S.</span> <span class='ocrx_word' id='word_1_394' title='bbox 698 3675 734 3750; x_wconf 87' lang='lat' dir='ltr'>P.</span> <span class='ocrx_word' id='word_1_395' title='bbox 755 3697 879 3750; x_wconf 73' lang='lat' dir='ltr'>esven</span> <span class='ocrx_word' id='word_1_396' title='bbox 894 3672 942 3747; x_wconf 91' lang='lat' dir='ltr'>II</span> <span class='ocrx_word' id='word_1_397' title='bbox 948 3673 1088 3757; x_wconf 86' lang='lat' dir='ltr'>reddit,</span> <span class='ocrx_word' id='word_1_398' title='bbox 1112 3673 1208 3768; x_wconf 89' lang='lat' dir='ltr'>quod</span> <span class='ocrx_word' id='word_1_399' title='bbox 1221 3695 1283 3769; x_wconf 89' lang='lat' dir='ltr'>per</span> <span class='ocrx_word' id='word_1_400' title='bbox 1296 3675 1383 3748; x_wconf 86' lang='lat' dir='ltr'>artis</span> <span class='ocrx_word' id='word_1_401' title='bbox 1403 3672 1681 3769; x_wconf 88' lang='lat' dir='ltr'>typographicae</span> <span class='ocrx_word' id='word_1_402' title='bbox 1705 3673 2023 3759; x_wconf 77' lang='lat' dir='ltr'>introdustionem,</span> <span class='ocrx_word' id='word_1_403' title='bbox 2060 3674 2258 3767; x_wconf 84' lang='lat' dir='ltr'>ignoranti·</span> 
     </span>
     <span class='ocr_line' id='line_1_33' title="bbox 418 3769 2307 3869; baseline -0.001 -21"><span class='ocrx_word' id='word_1_404' title='bbox 418 3796 480 3848; x_wconf 84' lang='lat' dir='ltr'>am</span> <span class='ocrx_word' id='word_1_405' title='bbox 505 3798 550 3848; x_wconf 90' lang='lat' dir='ltr'>ex</span> <span class='ocrx_word' id='word_1_406' title='bbox 563 3775 732 3848; x_wconf 88' lang='lat' dir='ltr'>librorum</span> <span class='ocrx_word' id='word_1_407' title='bbox 747 3773 893 3867; x_wconf 88' lang='lat' dir='ltr'>penuria</span> <span class='ocrx_word' id='word_1_408' title='bbox 907 3773 1068 3845; x_wconf 88' lang='lat' dir='ltr'>obortam</span> <span class='ocrx_word' id='word_1_409' title='bbox 1082 3769 1251 3864; x_wconf 84' lang='lat' dir='ltr'>fugasset,</span> <span class='ocrx_word' id='word_1_410' title='bbox 1276 3771 1491 3866; x_wconf 82' lang='lat' dir='ltr'>&amp;apertum</span> <span class='ocrx_word' id='word_1_411' title='bbox 1503 3793 1669 3869; x_wconf 89' lang='lat' dir='ltr'>campum</span> <span class='ocrx_word' id='word_1_412' title='bbox 1682 3771 1880 3846; x_wconf 86' lang='lat' dir='ltr'>litterarum</span> <span class='ocrx_word' id='word_1_413' title='bbox 1894 3769 2046 3846; x_wconf 87' lang='lat' dir='ltr'>scientiis</span> <span class='ocrx_word' id='word_1_414' title='bbox 2057 3770 2258 3868; x_wconf 79' lang='lat' dir='ltr'>aperuisset.</span> <span class='ocrx_word' id='word_1_415' title='bbox 2303 3831 2307 3836; x_wconf 94' lang='lat'><strong>.</strong></span> 
     </span>
     <span class='ocr_line' id='line_1_34' title="bbox 336 3867 2320 3969; baseline -0.003 -21"><span class='ocrx_word' id='word_1_416' title='bbox 336 3932 344 3954; x_wconf 83' lang='lat'><strong>.</strong></span> <span class='ocrx_word' id='word_1_417' title='bbox 520 3872 710 3969; x_wconf 85' lang='lat' dir='ltr'>Epistolam</span> <span class='ocrx_word' id='word_1_418' title='bbox 726 3870 810 3946; x_wconf 88' lang='lat' dir='ltr'>solio</span> <span class='ocrx_word' id='word_1_419' title='bbox 832 3868 939 3944; x_wconf 89' lang='lat' dir='ltr'>tertio</span> <span class='ocrx_word' id='word_1_420' title='bbox 951 3867 1197 3965; x_wconf 82' lang='lat' dir='ltr'>epistolarum,</span> <span class='ocrx_word' id='word_1_421' title='bbox 1222 3869 1632 3956; x_wconf 65' lang='lat' dir='ltr'>amnemamnem,</span> <span class='ocrx_word' id='word_1_422' title='bbox 1658 3892 1764 3966; x_wconf 89' lang='lat' dir='ltr'>quem</span> <span class='ocrx_word' id='word_1_423' title='bbox 1784 3869 1977 3946; x_wconf 86' lang='lat' dir='ltr'>folionono</span> <span class='ocrx_word' id='word_1_424' title='bbox 1990 3870 2151 3968; x_wconf 80' lang='lat' dir='ltr'>imprerio</span> <span class='ocrx_word' id='word_1_425' title='bbox 2171 3868 2259 3944; x_wconf 87' lang='lat' dir='ltr'>Tro-</span> <span class='ocrx_word' id='word_1_426' title='bbox 2316 3927 2320 3932; x_wconf 87' lang='lat'><strong>.</strong></span> 
     </span>
     <span class='ocr_line' id='line_1_35' title="bbox 351 3966 2260 4081; baseline -0.001 -35"><span class='ocrx_word' id='word_1_427' title='bbox 351 4009 353 4013; x_wconf 95' lang='lat'>·</span> <span class='ocrx_word' id='word_1_428' title='bbox 417 3968 533 4068; x_wconf 60' lang='lat' dir='ltr'>Boius</span> <span class='ocrx_word' id='word_1_429' title='bbox 549 3970 675 4068; x_wconf 83' lang='lat' dir='ltr'>tertius</span> <span class='ocrx_word' id='word_1_430' title='bbox 690 3966 832 4066; x_wconf 83' lang='lat' dir='ltr'>secunde</span> <span class='ocrx_word' id='word_1_431' title='bbox 854 3967 972 4063; x_wconf 77' lang='lat' dir='ltr'>portis</span> <span class='ocrx_word' id='word_1_432' title='bbox 981 3966 1155 4065; x_wconf 88' lang='lat' dir='ltr'>continens</span> <span class='ocrx_word' id='word_1_433' title='bbox 1172 3966 1362 4068; x_wconf 77' lang='lat' dir='ltr'>epistolares</span> <span class='ocrx_word' id='word_1_434' title='bbox 1382 3968 1602 4081; x_wconf 65' lang='lat' dir='ltr'>expositiones</span> <span class='ocrx_word' id='word_1_435' title='bbox 1608 3967 1824 4066; x_wconf 78' lang='lat' dir='ltr'>quorumdam</span> <span class='ocrx_word' id='word_1_436' title='bbox 1838 3968 2042 4069; x_wconf 77' lang='lat' dir='ltr'>psalmorum</span> <span class='ocrx_word' id='word_1_437' title='bbox 2058 3967 2098 4046; x_wconf 59' lang='grc' dir='ltr'>ὅ</span> <span class='ocrx_word' id='word_1_438' title='bbox 2123 3966 2260 4044; x_wconf 83' lang='lat' dir='ltr'>Cantici</span> 
     </span>
    </p>
   </div>
   <div class='ocr_carea' id='block_1_9' title="bbox 269 4065 2257 4188">
    <p class='ocr_par' dir='ltr' id='par_1_10' title="bbox 269 4065 2257 4188">
     <span class='ocr_line' id='line_1_36' title="bbox 269 4065 2257 4188; baseline -0.004 -41"><span class='ocrx_word' id='word_1_439' title='bbox 269 4173 272 4188; x_wconf 25' lang='grc' dir='ltr'>ἱ</span> <span class='ocrx_word' id='word_1_440' title='bbox 381 4153 383 4158; x_wconf 59' lang='grc'><strong>,</strong></span> <span class='ocrx_word' id='word_1_441' title='bbox 415 4070 638 4147; x_wconf 87' lang='lat' dir='ltr'>Conticornm</span> <span class='ocrx_word' id='word_1_442' title='bbox 647 4067 827 4166; x_wconf 85' lang='lat' dir='ltr'>seenndnnr</span> <span class='ocrx_word' id='word_1_443' title='bbox 849 4065 1024 4164; x_wconf 76' lang='lat' dir='ltr'>Origenem</span> <span class='ocrx_word' id='word_1_444' title='bbox 1046 4092 1063 4139; x_wconf 90' lang='lat' dir='ltr'>e</span> <span class='ocrx_word' id='word_1_445' title='bbox 1084 4065 1192 4141; x_wconf 86' lang='lat' dir='ltr'>Greco</span> <span class='ocrx_word' id='word_1_446' title='bbox 1214 4065 1400 4142; x_wconf 79' lang='lat' dir='ltr'>trodniinm</span> <span class='ocrx_word' id='word_1_447' title='bbox 1416 4067 1559 4162; x_wconf 84' lang='lat' dir='ltr'>excipit.</span> <span class='ocrx_word' id='word_1_448' title='bbox 1614 4068 1716 4164; x_wconf 85' lang='lat' dir='ltr'>Opus</span> <span class='ocrx_word' id='word_1_449' title='bbox 1738 4068 1860 4143; x_wconf 87' lang='lat' dir='ltr'>sinitur</span> <span class='ocrx_word' id='word_1_450' title='bbox 1876 4068 1989 4164; x_wconf 88' lang='lat' dir='ltr'>prima</span> <span class='ocrx_word' id='word_1_451' title='bbox 2011 4068 2084 4142; x_wconf 89' lang='lat' dir='ltr'>folii</span> <span class='ocrx_word' id='word_1_452' title='bbox 2103 4089 2172 4161; x_wconf 81' lang='lat'>335</span> <span class='ocrx_word' id='word_1_453' title='bbox 2194 4089 2257 4163; x_wconf 85' lang='lat' dir='ltr'>pa·</span> 
     </span>
    </p>
   </div>
   <div class='ocr_carea' id='block_1_10' title="bbox 308 4163 2325 4461">
    <p class='ocr_par' dir='ltr' id='par_1_11' title="bbox 308 4163 2325 4461">
     <span class='ocr_line' id='line_1_37' title="bbox 416 4163 2261 4267; baseline -0.003 -23"><span class='ocrx_word' id='word_1_454' title='bbox 416 4173 525 4267; x_wconf 84' lang='lat' dir='ltr'>gina,</span> <span class='ocrx_word' id='word_1_455' title='bbox 550 4169 644 4244; x_wconf 87' lang='lat' dir='ltr'>linea</span> <span class='ocrx_word' id='word_1_456' title='bbox 657 4190 729 4263; x_wconf 87' lang='lat'>42,</span> <span class='ocrx_word' id='word_1_457' title='bbox 756 4167 815 4244; x_wconf 88' lang='lat' dir='ltr'>cui</span> <span class='ocrx_word' id='word_1_458' title='bbox 840 4164 1030 4242; x_wconf 75' lang='lat' dir='ltr'>subiei&#39;rum</span> <span class='ocrx_word' id='word_1_459' title='bbox 1056 4164 1208 4260; x_wconf 88' lang='lat' dir='ltr'>legitur:</span> <span class='ocrx_word' id='word_1_460' title='bbox 1243 4163 1437 4265; x_wconf 82' lang='lat' dir='ltr'>Impreffum</span> <span class='ocrx_word' id='word_1_461' title='bbox 1459 4163 1564 4239; x_wconf 85' lang='lat' dir='ltr'>Rome</span> <span class='ocrx_word' id='word_1_462' title='bbox 1575 4165 1667 4264; x_wconf 75' lang='lat' dir='ltr'>opas</span> <span class='ocrx_word' id='word_1_463' title='bbox 1679 4166 1723 4240; x_wconf 88' lang='lat' dir='ltr'>In</span> <span class='ocrx_word' id='word_1_464' title='bbox 1737 4167 1831 4241; x_wconf 84' lang='lat' dir='ltr'>domo</span> <span class='ocrx_word' id='word_1_465' title='bbox 1845 4166 1940 4241; x_wconf 85' lang='lat' dir='ltr'>Petri</span> <span class='ocrx_word' id='word_1_466' title='bbox 1963 4167 2003 4243; x_wconf 69' lang='lat' dir='ltr'>si</span> <span class='ocrx_word' id='word_1_467' title='bbox 2019 4164 2192 4263; x_wconf 63' lang='lat' dir='ltr'>Bioneisci</span> <span class='ocrx_word' id='word_1_468' title='bbox 2217 4165 2261 4239; x_wconf 82' lang='lat' dir='ltr'>de</span> 
     </span>
     <span class='ocr_line' id='line_1_38' title="bbox 416 4260 2260 4367; baseline -0.003 -20"><span class='ocrx_word' id='word_1_469' title='bbox 416 4267 597 4367; x_wconf 57' lang='lat' dir='ltr'>Maximis:</span> <span class='ocrx_word' id='word_1_470' title='bbox 622 4270 721 4344; x_wconf 83' lang='lat' dir='ltr'>iaxta</span> <span class='ocrx_word' id='word_1_471' title='bbox 732 4292 882 4360; x_wconf 81' lang='lat' dir='ltr'>campum</span> <span class='ocrx_word' id='word_1_472' title='bbox 898 4264 1003 4340; x_wconf 83' lang='lat' dir='ltr'>Flore.</span> <span class='ocrx_word' id='word_1_473' title='bbox 1023 4260 1265 4365; x_wconf 77' lang='lat' dir='ltr'>perfidentibus</span> <span class='ocrx_word' id='word_1_474' title='bbox 1276 4261 1449 4362; x_wconf 82' lang='lat' dir='ltr'>magistris</span> <span class='ocrx_word' id='word_1_475' title='bbox 1456 4261 1613 4340; x_wconf 82' lang='lat' dir='ltr'>Conrodo</span> <span class='ocrx_word' id='word_1_476' title='bbox 1624 4262 1854 4362; x_wconf 71' lang='lat' dir='ltr'>Saneynbenm</span> <span class='ocrx_word' id='word_1_477' title='bbox 1870 4263 1911 4342; x_wconf 72' lang='lat' dir='ltr'>ss</span> <span class='ocrx_word' id='word_1_478' title='bbox 1930 4263 2085 4340; x_wconf 82' lang='lat' dir='ltr'>Arnoldo</span> <span class='ocrx_word' id='word_1_479' title='bbox 2094 4276 2260 4361; x_wconf 69' lang='lat' dir='ltr'>portoria.</span> 
     </span>
     <span class='ocr_line' id='line_1_39' title="bbox 308 4358 2325 4461; baseline -0.005 -13"><span class='ocrx_word' id='word_1_480' title='bbox 308 4403 320 4418; x_wconf 79' lang='lat'>·</span> <span class='ocrx_word' id='word_1_481' title='bbox 418 4367 526 4448; x_wconf 85' lang='lat' dir='ltr'>Anno</span> <span class='ocrx_word' id='word_1_482' title='bbox 537 4367 694 4444; x_wconf 79' lang='lat' dir='ltr'>dominici</span> <span class='ocrx_word' id='word_1_483' title='bbox 703 4363 837 4460; x_wconf 68' lang='lat' dir='ltr'>noeais.</span> <span class='ocrx_word' id='word_1_484' title='bbox 859 4364 911 4437; x_wconf 81' lang='lat' dir='ltr'>M.</span> <span class='ocrx_word' id='word_1_485' title='bbox 927 4360 1066 4439; x_wconf 85' lang='lat' dir='ltr'><strong>CCCC.</strong></span> <span class='ocrx_word' id='word_1_486' title='bbox 1080 4358 1209 4440; x_wconf 87' lang='lat' dir='ltr'><strong>LXX.</strong></span> <span class='ocrx_word' id='word_1_487' title='bbox 1221 4359 1300 4439; x_wconf 84' lang='lat' dir='ltr'>S.d.</span> <span class='ocrx_word' id='word_1_488' title='bbox 1313 4389 1346 4438; x_wconf 89' lang='lat' dir='ltr'>n.</span> <span class='ocrx_word' id='word_1_489' title='bbox 1367 4362 1493 4440; x_wconf 82' lang='lat' dir='ltr'>domini</span> <span class='ocrx_word' id='word_1_490' title='bbox 1504 4362 1670 4440; x_wconf 76' lang='lat' dir='ltr'>Parisiis.</span> <span class='ocrx_word' id='word_1_491' title='bbox 1692 4363 1815 4440; x_wconf 87' lang='lat' dir='ltr'>Veneti</span> <span class='ocrx_word' id='word_1_492' title='bbox 1827 4362 2166 4461; x_wconf 77' lang='lat' dir='ltr'>PontifirisMoxirni</span> <span class='ocrx_word' id='word_1_493' title='bbox 2177 4361 2261 4439; x_wconf 85' lang='lat' dir='ltr'>An·</span> <span class='ocrx_word' id='word_1_494' title='bbox 2318 4369 2325 4374; x_wconf 83' lang='grc'><em>“</em></span> 
     </span>
    </p>
   </div>
   <div class='ocr_carea' id='block_1_11' title="bbox 254 4405 2314 4658">
    <p class='ocr_par' dir='ltr' id='par_1_12' title="bbox 254 4405 2314 4658">
     <span class='ocr_line' id='line_1_40' title="bbox 254 4405 2240 4634; baseline -0.008 -92"><span class='ocrx_word' id='word_1_495' title='bbox 254 4405 256 4410; x_wconf 23' lang='grc' dir='ltr'>Ι</span> <span class='ocrx_word' id='word_1_496' title='bbox 278 4534 281 4540; x_wconf 87' lang='grc'><strong>,</strong></span> <span class='ocrx_word' id='word_1_497' title='bbox 418 4490 465 4541; x_wconf 89' lang='lat' dir='ltr'>no</span> <span class='ocrx_word' id='word_1_498' title='bbox 479 4465 521 4542; x_wconf 89' lang='lat' dir='ltr'><em>V</em></span> <span class='ocrx_word' id='word_1_499' title='bbox 518 4463 548 4537; x_wconf 90' lang='lat' dir='ltr'>I.</span> <span class='ocrx_word' id='word_1_500' title='bbox 569 4462 663 4541; x_wconf 85' lang='lat' dir='ltr'>Vrbe</span> <span class='ocrx_word' id='word_1_501' title='bbox 676 4462 716 4539; x_wconf 69' lang='lat' dir='ltr'>ts</span> <span class='ocrx_word' id='word_1_502' title='bbox 730 4462 876 4634; x_wconf 55' lang='lat' dir='ltr'>Eccszio</span> <span class='ocrx_word' id='word_1_503' title='bbox 882 4467 1035 4555; x_wconf 87' lang='lat' dir='ltr'>florente.</span> <span class='ocrx_word' id='word_1_504' title='bbox 1647 4513 1650 4518; x_wconf 83' lang='lat'><strong>.</strong></span> <span class='ocrx_word' id='word_1_505' title='bbox 2234 4519 2240 4526; x_wconf 92' lang='grc'><em>,</em></span> 
     </span>
     <span class='ocr_line' id='line_1_41' title="bbox 525 4557 2314 4658; baseline -0.002 -20"><span class='ocrx_word' id='word_1_506' title='bbox 525 4558 819 4650; x_wconf 66' lang='grc' dir='ltr'>Ηεεεείὶΐεωυ,</span> <span class='ocrx_word' id='word_1_507' title='bbox 862 4560 968 4635; x_wconf 90' lang='lat' dir='ltr'>huius</span> <span class='ocrx_word' id='word_1_508' title='bbox 981 4560 1099 4656; x_wconf 87' lang='lat' dir='ltr'>operis</span> <span class='ocrx_word' id='word_1_509' title='bbox 1109 4557 1240 4653; x_wconf 89' lang='lat' dir='ltr'>editio;</span> <span class='ocrx_word' id='word_1_510' title='bbox 1263 4561 1414 4658; x_wconf 86' lang='lat' dir='ltr'>primam</span> <span class='ocrx_word' id='word_1_511' title='bbox 1429 4561 1527 4637; x_wconf 83' lang='lat' dir='ltr'>enim</span> <span class='ocrx_word' id='word_1_512' title='bbox 1542 4582 1638 4636; x_wconf 88' lang='lat' dir='ltr'>anno</span> <span class='ocrx_word' id='word_1_513' title='bbox 1662 4565 1755 4646; x_wconf 79' lang='lat' dir='ltr'>ra68</span> <span class='ocrx_word' id='word_1_514' title='bbox 1778 4584 1826 4636; x_wconf 85' lang='lat' dir='ltr'>ex</span> <span class='ocrx_word' id='word_1_515' title='bbox 1843 4560 1969 4635; x_wconf 88' lang='lat' dir='ltr'>eadem</span> <span class='ocrx_word' id='word_1_516' title='bbox 1990 4557 2134 4635; x_wconf 84' lang='lat' dir='ltr'>officina</span> <span class='ocrx_word' id='word_1_517' title='bbox 2148 4581 2260 4646; x_wconf 85' lang='lat' dir='ltr'>cnm,</span> <span class='ocrx_word' id='word_1_518' title='bbox 2311 4629 2314 4634; x_wconf 89' lang='grc'><em>,</em></span> 
     </span>
    </p>
   </div>
   <div class='ocr_carea' id='block_1_12' title="bbox 277 4655 2260 4756">
    <p class='ocr_par' dir='ltr' id='par_1_13' title="bbox 277 4655 2260 4756">
     <span class='ocr_line' id='line_1_42' title="bbox 277 4655 2260 4756; baseline -0.004 -15"><span class='ocrx_word' id='word_1_519' title='bbox 277 4713 280 4722; x_wconf 86' lang='lat'>·</span> <span class='ocrx_word' id='word_1_520' title='bbox 419 4662 459 4741; x_wconf 79' lang='lat' dir='ltr'>dt</span> <span class='ocrx_word' id='word_1_521' title='bbox 473 4661 716 4756; x_wconf 82' lang='lat' dir='ltr'>recognitione</span> <span class='ocrx_word' id='word_1_522' title='bbox 730 4658 891 4756; x_wconf 83' lang='lat' dir='ltr'>Episcopi</span> <span class='ocrx_word' id='word_1_523' title='bbox 902 4657 1092 4734; x_wconf 86' lang='lat' dir='ltr'>Alerienfis</span> <span class='ocrx_word' id='word_1_524' title='bbox 1103 4660 1141 4735; x_wconf 92' lang='lat' dir='ltr'>in</span> <span class='ocrx_word' id='word_1_525' title='bbox 1154 4658 1271 4736; x_wconf 87' lang='lat' dir='ltr'>lucem</span> <span class='ocrx_word' id='word_1_526' title='bbox 1283 4659 1470 4756; x_wconf 86' lang='lat' dir='ltr'>prodiisse,</span> <span class='ocrx_word' id='word_1_527' title='bbox 1496 4655 1871 4734; x_wconf 80' lang='lat' dir='ltr'>testanturRicinrdns</span> <span class='ocrx_word' id='word_1_528' title='bbox 1886 4657 2179 4736; x_wconf 72' lang='lat' dir='ltr'>smourssena.</span> <span class='ocrx_word' id='word_1_529' title='bbox 2203 4657 2260 4734; x_wconf 83' lang='lat' dir='ltr'>E-</span> 
     </span>
    </p>
   </div>
   <div class='ocr_carea' id='block_1_13' title="bbox 275 4745 2358 5443">
    <p class='ocr_par' dir='ltr' id='par_1_14' title="bbox 275 4745 2358 5443">
     <span class='ocr_line' id='line_1_43' title="bbox 275 4745 2262 4966; baseline -0.005 -28"><span class='ocrx_word' id='word_1_530' title='bbox 275 4813 305 4966; x_wconf 66' lang='lat' dir='ltr'>J</span> <span class='ocrx_word' id='word_1_531' title='bbox 342 4933 360 4943; x_wconf 78' lang='grc'><strong>,</strong></span> <span class='ocrx_word' id='word_1_532' title='bbox 416 4755 1748 4957; x_wconf 46' lang='lat' dir='ltr'>ll.li.sinisteritatis?tieinsidlensis</span> <span class='ocrx_word' id='word_1_533' title='bbox 1767 4756 1873 4934; x_wconf 76' lang='lat' dir='ltr'>iii</span> <span class='ocrx_word' id='word_1_534' title='bbox 1887 4745 2262 4934; x_wconf 48' lang='lat' dir='ltr'>{dissidii</span> 
     </span>
     <span class='ocr_line' id='line_1_44' title="bbox 370 4952 2358 5056; baseline -0.004 -20"><span class='ocrx_word' id='word_1_535' title='bbox 370 5049 372 5056; x_wconf 23' lang='lat'><strong>¹</strong></span> <span class='ocrx_word' id='word_1_536' title='bbox 418 4956 459 5036; x_wconf 86' lang='lat' dir='ltr'>in</span> <span class='ocrx_word' id='word_1_537' title='bbox 473 4952 564 5033; x_wconf 68' lang='lat' dir='ltr'>Brit.</span> <span class='ocrx_word' id='word_1_538' title='bbox 584 4953 665 5035; x_wconf 83' lang='lat' dir='ltr'>Lot.</span> <span class='ocrx_word' id='word_1_539' title='bbox 692 4957 731 5033; x_wconf 89' lang='lat' dir='ltr'>P.</span> <span class='ocrx_word' id='word_1_540' title='bbox 748 4955 781 5032; x_wconf 91' lang='lat' dir='ltr'>ll</span> <span class='ocrx_word' id='word_1_541' title='bbox 794 4957 896 5033; x_wconf 89' lang='lat' dir='ltr'>binas</span> <span class='ocrx_word' id='word_1_542' title='bbox 918 4956 997 5031; x_wconf 89' lang='lat' dir='ltr'>illas</span> <span class='ocrx_word' id='word_1_543' title='bbox 1014 4956 1189 5038; x_wconf 86' lang='lat' dir='ltr'>editiones</span> <span class='ocrx_word' id='word_1_544' title='bbox 1214 4977 1279 5053; x_wconf 88' lang='lat' dir='ltr'>pro</span> <span class='ocrx_word' id='word_1_545' title='bbox 1297 4978 1369 5031; x_wconf 86' lang='lat' dir='ltr'>vna</span> <span class='ocrx_word' id='word_1_546' title='bbox 1382 4956 1582 5052; x_wconf 87' lang='lat' dir='ltr'>eademque</span> <span class='ocrx_word' id='word_1_547' title='bbox 1600 4955 1759 5036; x_wconf 84' lang='lat' dir='ltr'>liabens,</span> <span class='ocrx_word' id='word_1_548' title='bbox 1798 4958 1950 5052; x_wconf 87' lang='lat' dir='ltr'>priorem</span> <span class='ocrx_word' id='word_1_549' title='bbox 1965 4969 2259 5030; x_wconf 87' lang='lat' dir='ltr'>tantumtomum</span> <span class='ocrx_word' id='word_1_550' title='bbox 2354 5033 2358 5040; x_wconf 67' lang='grc'><strong>,</strong></span> 
     </span>
     <span class='ocr_line' id='line_1_45' title="bbox 419 5049 2259 5164; baseline -0.001 -34"><span class='ocrx_word' id='word_1_551' title='bbox 419 5055 621 5153; x_wconf 85' lang='lat' dir='ltr'>impressum</span> <span class='ocrx_word' id='word_1_552' title='bbox 638 5056 815 5164; x_wconf 73' lang='lat' dir='ltr'>nadstan.</span> <span class='ocrx_word' id='word_1_553' title='bbox 835 5070 941 5148; x_wconf 52' lang='grc' dir='ltr'>ηοω</span> <span class='ocrx_word' id='word_1_554' title='bbox 960 5055 1187 5149; x_wconf 88' lang='lat' dir='ltr'>posteriorem</span> <span class='ocrx_word' id='word_1_555' title='bbox 1200 5076 1286 5140; x_wconf 79' lang='lat' dir='ltr'>vero</span> <span class='ocrx_word' id='word_1_556' title='bbox 1299 5076 1361 5140; x_wconf 80' lang='lat' dir='ltr'>an,</span> <span class='ocrx_word' id='word_1_557' title='bbox 1375 5075 1482 5148; x_wconf 77' lang='lat'>1470·</span> <span class='ocrx_word' id='word_1_558' title='bbox 1510 5051 1708 5132; x_wconf 84' lang='lat' dir='ltr'>Cardlnalis</span> <span class='ocrx_word' id='word_1_559' title='bbox 1721 5073 1918 5133; x_wconf 83' lang='lat' dir='ltr'>cvrarnvs</span> <span class='ocrx_word' id='word_1_560' title='bbox 1940 5054 1980 5128; x_wconf 83' lang='lat' dir='ltr'>de</span> <span class='ocrx_word' id='word_1_561' title='bbox 1992 5057 2105 5152; x_wconf 73' lang='lat' dir='ltr'>optim.</span> <span class='ocrx_word' id='word_1_562' title='bbox 2130 5049 2259 5146; x_wconf 81' lang='lat' dir='ltr'>Script.</span> 
     </span>
     <span class='ocr_line' id='line_1_46' title="bbox 420 5150 2262 5250; baseline -0.003 -21"><span class='ocrx_word' id='word_1_563' title='bbox 420 5153 519 5242; x_wconf 78' lang='lat' dir='ltr'>Edit.</span> <span class='ocrx_word' id='word_1_564' title='bbox 536 5175 568 5250; x_wconf 92' lang='lat' dir='ltr'>p.</span> <span class='ocrx_word' id='word_1_565' title='bbox 587 5172 653 5232; x_wconf 84' lang='lat'>122</span> <span class='ocrx_word' id='word_1_566' title='bbox 676 5175 725 5228; x_wconf 80' lang='lat' dir='ltr'>es</span> <span class='ocrx_word' id='word_1_567' title='bbox 746 5151 906 5249; x_wconf 86' lang='lat' dir='ltr'>diligenti</span> <span class='ocrx_word' id='word_1_568' title='bbox 930 5153 1118 5229; x_wconf 79' lang='lat' dir='ltr'>collatione</span> <span class='ocrx_word' id='word_1_569' title='bbox 1133 5151 1355 5230; x_wconf 85' lang='lat' dir='ltr'>voluminum</span> <span class='ocrx_word' id='word_1_570' title='bbox 1368 5174 1465 5228; x_wconf 87' lang='lat' dir='ltr'>anno</span> <span class='ocrx_word' id='word_1_571' title='bbox 1484 5174 1575 5247; x_wconf 80' lang='lat'>¹470</span> <span class='ocrx_word' id='word_1_572' title='bbox 1590 5166 1891 5232; x_wconf 80' lang='lat' dir='ltr'>nomtorumoum</span> <span class='ocrx_word' id='word_1_573' title='bbox 1902 5155 1993 5237; x_wconf 89' lang='lat' dir='ltr'>alio,</span> <span class='ocrx_word' id='word_1_574' title='bbox 2017 5150 2114 5247; x_wconf 87' lang='lat' dir='ltr'>quod</span> <span class='ocrx_word' id='word_1_575' title='bbox 2134 5165 2262 5244; x_wconf 83' lang='lat' dir='ltr'>notam</span> 
     </span>
     <span class='ocr_line' id='line_1_47' title="bbox 420 5247 2262 5352; baseline -0.004 -21"><span class='ocrx_word' id='word_1_576' title='bbox 420 5248 503 5334; x_wconf 83' lang='lat' dir='ltr'>anni</span> <span class='ocrx_word' id='word_1_577' title='bbox 521 5255 614 5351; x_wconf 75' lang='lat'>1468</span> <span class='ocrx_word' id='word_1_578' title='bbox 628 5252 743 5350; x_wconf 83' lang='lat' dir='ltr'>gerit,</span> <span class='ocrx_word' id='word_1_579' title='bbox 774 5252 963 5334; x_wconf 84' lang='lat' dir='ltr'>certiorem</span> <span class='ocrx_word' id='word_1_580' title='bbox 988 5252 1023 5329; x_wconf 88' lang='lat' dir='ltr'>se</span> <span class='ocrx_word' id='word_1_581' title='bbox 1036 5247 1135 5330; x_wconf 82' lang='lat' dir='ltr'>suisio</span> <span class='ocrx_word' id='word_1_582' title='bbox 1148 5248 1281 5330; x_wconf 72' lang='lat' dir='ltr'>fastum</span> <span class='ocrx_word' id='word_1_583' title='bbox 1301 5248 1418 5330; x_wconf 82' lang='lat' dir='ltr'>scribit</span> <span class='ocrx_word' id='word_1_584' title='bbox 1441 5303 1463 5342; x_wconf 90' lang='lat'><em>„</em></span> <span class='ocrx_word' id='word_1_585' title='bbox 1482 5251 1554 5352; x_wconf 87' lang='lat' dir='ltr'>ipsa</span> <span class='ocrx_word' id='word_1_586' title='bbox 1567 5273 1676 5332; x_wconf 82' lang='lat' dir='ltr'>raam</span> <span class='ocrx_word' id='word_1_587' title='bbox 1697 5254 1862 5334; x_wconf 84' lang='lat' dir='ltr'>eamdem</span> <span class='ocrx_word' id='word_1_588' title='bbox 1888 5271 2104 5351; x_wconf 84' lang='lat' dir='ltr'>componere</span> <span class='ocrx_word' id='word_1_589' title='bbox 2132 5250 2262 5325; x_wconf 84' lang='lat' dir='ltr'>editio-</span> 
     </span>
     <span class='ocr_line' id='line_1_48' title="bbox 399 5369 2211 5443; baseline -0.006 5"><span class='ocrx_word' id='word_1_590' title='bbox 399 5395 406 5404; x_wconf 69' lang='grc'><strong><em>’</em></strong></span> <span class='ocrx_word' id='word_1_591' title='bbox 584 5373 586 5378; x_wconf 83' lang='grc'><strong>’</strong></span> <span class='ocrx_word' id='word_1_592' title='bbox 751 5369 754 5376; x_wconf 87' lang='grc'><strong>’</strong></span> <span class='ocrx_word' id='word_1_593' title='bbox 2055 5401 2080 5443; x_wconf 74' lang='lat' dir='ltr'>n</span> <span class='ocrx_word' id='word_1_594' title='bbox 2102 5370 2211 5438; x_wconf 70' lang='lat' dir='ltr'>nemi</span> 
     </span>
    </p>
   </div>
   <div class='ocr_carea' id='block_1_14' title="bbox 0 0 2704 6277">
    <p class='ocr_par' dir='ltr' id='par_1_15' title="bbox 0 0 2704 6277">
     <span class='ocr_line' id='line_1_49' title="bbox 0 0 2704 6277; baseline 0 0"><span class='ocrx_word' id='word_1_595' title='bbox 0 0 2704 6277; x_wconf 95' lang='lat' dir='ltr'> </span> 
     </span>
    </p>
   </div>
  </div>
 </body>
</html>
