5400 6284
323 2983 326 2994 '
475 2978 776 3081 lnterpunfflonis
790 2975 927 3071 signum
938 2974 1048 3048 solum
1063 2970 1232 3069 puralium
1248 3026 1258 3058 ,
1281 2974 1401 3050 &hoc
1413 2975 1450 3049 iu

289 535 549 675 ‘sna
1236 531 1727 661 ssssssl‘

586 717 593 730 f
791 756 979 855 CXLlll.
1008 752 1339 846 vocabularium
1363 750 1520 836 latino·
1540 750 1837 866 germanicum.
1863 754 1909 838 in
1924 747 1998 847 fol.

565 946 748 1037 integrum
763 942 833 1016 hoc
848 937 1043 1038 opussoliis
1064 953 1137 1028 290
1150 931 1307 1023 conllat3
1335 927 1537 1027 impressum
1551 928 1814 1007 estclraratiere
1829 930 1975 1024 gothico
1988 927 2208 1018 maiuscula,
2234 931 2318 1041 pin·

464 1046 548 1146 gui,
573 1066 616 1117 ac
638 1040 837 1136 inaequali,
866 1038 927 1136 qui
939 1033 1060 1112 tabula
1075 1033 1170 1108 lllll.
1185 1029 1229 1105 N.
1248 1029 1279 1104 ll
1298 1027 1476 1103 videndus
1493 1028 1571 1104 erit.
1609 1028 1745 1105 Charta
1761 1028 1811 1106 eli
1824 1029 1927 1104 firma
1941 1029 2087 1127 quidem
2111 1023 2171 1104 sed
2194 1049 2317 1102 minus

466 1145 567 1224 alba,
593 1139 765 1235 &polita
800 1138 962 1212 Litterae
980 1130 1133 1208 initiales
1147 1127 1265 1203 nullae
1279 1138 1489 1210 occurrunt,
1517 1126 1606 1202 nulli
1621 1127 1807 1214 custodes,
1842 1141 1905 1202 aut
1918 1126 2141 1224 srgnaturae,
2168 1124 2228 1201 vel
2253 1146 2317 1223 pa·

464 1263 466 1270 ·
491 1231 632 1316 'narum
645 1236 796 1312 inumeri.
849 1227 1146 1329 luterpunliionis
1160 1226 1297 1323 signum
1316 1225 1354 1299 in
1368 1223 1586 1322 praefatione
1600 1226 1760 1310 nullum,
1790 1227 1829 1301 in
1853 1247 1962 1322 opere
1973 1247 2061 1303 vero
2087 1223 2199 1300 solum
2224 1227 2333 1322 pum.

501 1333 791 1507 umobserusatur.
832 1323 1324 1410 Abbreuiaturaesuutvalde
1340 1323 1559 1420 frequentes.
1600 1323 1737 1399 Littera
1748 1324 1813 1399 lod
1828 1324 1947 1422 puoso·
1970 1323 2051 1400 loco
2074 1320 2243 1398 lineolam
2257 1319 2319 1400 fibi

465 1436 800 1516 hibernorum.
1254 1437 1260 1446 '
1495 1497 1498 1504 ,
2196 1506 2200 1512 ,

437 1615 447 1626 ,
566 1456 693 1627 lncigit
713 1525 977 1603 vocabularium
999 1522 1090 1599 istud
1105 1519 1177 1596 srne
1196 1519 1300 1595 titulo
1326 1517 1371 1591 ab
1386 1515 1539 1594 austoris
1555 1518 1800 1615 praefatione,
1831 1522 1933 1598 cuius
1957 1517 2100 1596 initium
2120 1517 2172 1593 ita
2193 1515 2314 1594 sonat:

403 1637 415 1646 ”
466 1632 722 1730 Scripturarum
733 1624 891 1726 fidelibus
904 1621 1048 1718 salutern
1064 1621 1216 1695 ueritatis
1230 1619 1408 1718 testimonio
1422 1617 1721 1718 administrantium
1733 1617 1912 1694 intelleilur
1936 1645 1979 1693 ex
1995 1612 2231 1691 uocabulorum
2254 1639 2314 1688 rro·

466 1732 549 1808 ciria
566 1726 729 1826 dependet.
779 1721 957 1799 Praeiatio
972 1720 1067 1794 linea
1093 1723 1136 1796 26
1155 1718 1289 1813 primae
1307 1716 1458 1812 paginae
1480 1716 1716 1801 terminatur,
1743 1716 1782 1793 δι
1808 1717 2015 1794 immediate
2045 1712 2201 1810 sequitur
2222 1713 2319 1788 titre·

334 1887 345 1898 .
467 1852 511 1908 ra
525 1853 573 1913 n,
603 1846 712 1921 quam
727 1824 841 1921 prima
852 1820 928 1894 solii
942 1841 988 1912 34
1004 1818 1155 1914 pagina,
1181 1815 1274 1888 linea
1297 1836 1340 1907 ις
1359 1814 1495 1887 littera
1518 1835 1540 1885 a
1569 1815 1648 1887 exci
1674 1815 1712 1889 it
1754 1811 1890 1892 Desinit
1903 1836 1993 1914 opus
2014 1811 2136 1888 auersa
2152 1812 2228 1908 solli
2246 1832 2320 1908 apo

468 1925 619 2029 pagina,
645 1923 740 1998 linea
754 1945 824 2012 24,
855 1920 957 1992 cuius
971 1921 1077 1990 verba
1092 1913 1171 1988 sunt
1188 1937 1197 1988 ε
1222 1914 1306 1987 enim
1319 1924 1414 1984 ortus
1430 1915 1470 2009 est
1484 1911 1564 1984 talis
1576 1914 1630 1985 uir
1644 1836 1685 1986 ss
1695 1913 1791 1987 viret.
1813 1940 1839 1989 r.
1849 1915 2004 2012 princeps
2016 1909 2065 1986 ibi
2078 1913 2202 1986 extitit.
2246 2005 2252 2016 ³
2289 1903 2322 2014 ’

557 2019 800 2119 lamsuperius
814 2038 965 2094 numero
990 2015 1105 2092 CVlll
1118 2013 1223 2086 aliam
1238 2012 1344 2085 lruius
1358 2011 1476 2106 operis
1495 2009 1688 2084 editionem
1706 2009 1816 2086 deseri
1840 2024 1914 2087 tam
1927 2011 2320 2104 habemusquaeprae·
2427 2033 2433 2040 ·

465 2122 569 2199 sente
589 2120 697 2291 lpipge
714 2116 881 2233 posterior
894 2113 1043 2189 videtur.
1084 2109 1252 2188 Praesens
1263 2109 1312 2183 est
1325 2107 1526 2206 peruetusta
1540 2161 1550 2192 ,
1565 2129 1608 2181 aa
1623 2128 1767 2204 perrara
1781 2162 1790 2195 ,
1811 2035 1857 2184 le
1870 2131 1941 2207 qua
1954 2106 2322 2206 Bibliographialtum
2339 2097 2346 2110 ’

469 2231 599 2298 tenent
653 2233 802 2291 entium.
1879 2237 1890 2254 =

472 2394 676 2591 CXL'W'f
693 2388 835 2591 lambi
852 2385 1060 2481 Monachi
1075 2378 1339 2475 Cartbufiani
1357 2382 1577 2475 Sermones
1591 2384 1878 2474 Dominicaler
1898 2411 1971 2504 per
1986 2400 2129 2474 toturn
2148 2407 2322 2472 annum.

590 2535 637 2595 m
671 2535 726 2593 o.
2280 2521 2283 2526 ·

434 2723 437 2730 ·
575 2688 702 2784 Typus
724 2680 833 2762 huius
847 2680 966 2777 operis
986 2676 1037 2754 est
1057 2676 1197 2775 prorsus
1214 2677 1330 2765 idem,
1381 2703 1428 2755 uo
1443 2679 1650 2755 immediate
1665 2679 1884 2776 praecedens
1896 2673 2097 2776 impressum
2109 2677 2169 2756 est.
2216 2677 2325 2778 Foliis

472 2807 545 2883 223
564 2796 805 2865 contentum,
837 2790 936 2855 caret
959 2777 1153 2853 initialibus
1179 2778 1327 2861 litteris,
1353 2704 1570 2874 sgnaturis‚
1596 2779 1823 2864 custodibus,
1850 2777 2123 2874 &paginarum
2153 2781 2325 2854 numeris.

475 2887 614 2964 cnarta
628 2881 793 2957 eliflrma
818 2877 1036 2961 admodum,
1064 2874 1121 2948 sed
1136 2876 1257 2948 minus
1271 2875 1375 2959 alba,
1405 2877 1443 2955 dr
1483 2875 1580 2956 olita
1639 2877 1775 2972 Pagina
1794 2877 1943 2974 quaeuis
1968 2899 2008 2969 31
2034 2876 2180 2952 exbibet
2200 2877 2324 2952 lineas.

1452 2901 1657 3072 sequenter
1673 2975 1890 3056 admodum,
1913 2973 2078 3049 occurrit.
2201 3007 2208 3018 ·

581 3083 622 3155 ln
638 3077 751 3175 prima
764 3074 839 3151 solii
853 3073 957 3170 primi
976 3073 1105 3168 pagina
1121 3071 1214 3144 tituli
1235 3070 1315 3144 loco
1331 3072 1486 3165 legitur:
1510 3070 1685 3149 Sermones
1702 3071 1929 3146 Dominicales
1955 3069 2134 3148 Notabiler
2147 3069 2324 3166 &forma

475 3180 526 3258 les
537 3204 601 3279 per
614 3178 696 3251 anni
710 3173 867 3248 circulum
886 3169 1065 3268 Compilati
1079 3193 1137 3264 per
1151 3166 1435 3266 Eximiumsacre
1455 3168 1575 3244 Hense
1599 3173 1629 3243 ir
1643 3169 1858 3270 professorem
1875 3169 2057 3243 Dominum
2085 3165 2241 3244 Iacobum
2266 3167 2325 3240 rio·

477 3303 555 3356 mur
576 3273 780 3372 Cartlrufien.
796 3282 895 3345 extra
914 3291 1026 3342 muros
1039 3264 1236 3362 Erfurdien.
1251 3269 1413 3341 nicanum
1423 3268 1565 3344 Auilori
1578 3273 1629 3343 ati
1652 3269 1818 3343 adomino
1834 3266 1979 3341 Nicolao
1996 3267 2095 3367 Papa
2111 3264 2239 3370 Quinto
2265 3263 2327 3340 Fc-
2372 3283 2379 3296 “

477 3379 588 3455 liciter
600 3373 774 3469 incipiunt.
811 3369 914 3443 Haec
928 3368 1037 3441 verba
1052 3365 1386 3462 excipitprologus,
1417 3369 1477 3463 qui
1490 3365 1611 3442 auersa
1627 3368 1789 3441 eiusdem
1802 3366 1901 3450 solii,
1929 3367 2027 3441 linea'
2049 3366 2328 3462 inaminatum.

321 3559 327 3574 ,
476 3477 524 3554 ln
537 3473 665 3548 eadem
678 3469 771 3542 linea
787 3468 943 3561 legitur:
971 3463 1153 3538 Dominica
1172 3466 1285 3560 prima
1304 3464 1467 3539 aduentus
1480 3465 1614 3539 domini.
1643 3466 1828 3540 Sermonis
1844 3465 1950 3538 huius
1970 3465 2051 3540 finis
2063 3465 2329 3544 nubeturauer·

478 3573 517 3650 fa
531 3572 605 3647 folii
621 3568 736 3665 quinti
749 3568 901 3663 pagina,
929 3564 1023 3637 linea
1038 3588 1106 3658 ap,
1135 3562 1172 3634 in
1191 3583 1262 3656 qua
1277 3562 1395 3636 adhuc
1408 3561 1588 3660 sequentia
1610 3561 1777 3658 leguntur
1787 3561 1948 3659 impressa
1971 3587 1979 3635 :
2009 3562 2189 3638 [lominica
2207 3559 2330 3658 secuu-

479 3671 527 3746 aa
556 3668 729 3743 aduenrm.
781 3663 1112 3755 Terminaturopus
1125 3660 1238 3752 prima
1256 3658 1331 3734 solii
1354 3682 1421 3757 223
1441 3661 1570 3759 pagina
1590 3714 1601 3748 ,
1624 3661 1721 3736 linea
1747 3683 1823 3756 31,
1852 3664 1954 3735 cuius
1982 3661 2090 3736 rerba
2106 3657 2153 3734 lic
2180 3658 2330 3734 sonant:

480 3777 641 3869 operante
654 3764 708 3837 cui
715 3764 763 3862 fir
784 3763 858 3834 laur
870 3758 910 3835 ss
922 3760 1033 3855 gloria
1044 3754 1220 3831 AMEN.
2272 3769 2276 3774 ·

582 3863 637 3937 De
648 3858 822 3959 praesenti
834 3857 993 3931 editione
1015 3867 1116 3928 extat
1136 3854 1319 3949 exemplar
1341 3856 1379 3931 in
1394 3855 1616 3930 Bibliotheca
1638 3856 1729 3933 Can.
1752 3855 1843 3951 Reg.
1860 3854 2140 3948 Rottenbuchii,
2163 3856 2334 3932 adonius

482 3962 623 4040 calcem
636 3978 766 4033 manus
783 3977 918 4030 cooeua
935 3975 1070 4028 annum
1091 3957 1184 4048 ¹476
1199 3952 1383 4049 adscripsit.
1399 3955 1536 4029 Saltem
1551 3956 1658 4050 igitur
1668 3954 1739 4029 hoc
1757 3977 1852 4029 anno
1865 3955 1902 4030 in
1917 3955 2034 4036 breem
2072 3949 2335 4039 continebam
2402 3999 2406 4006 ·

483 4056 723 4137 dubitandum
737 4055 811 4139 est,
836 4053 1014 4136 maxime,
1040 4074 1122 4125 cum
1135 4050 1398 4127 &omnesanti
1424 4051 1665 4127 uitatisnotae
1680 4055 1762 4128 lruic
1775 4056 1927 4146 tempori
1940 3979 2227 4152 correslrondent,

519 4163 521 4168 ’
584 4153 779 4234 Austorem
801 4151 906 4227 buius
921 4150 1039 4246 operis
1053 4171 1309 4223 rurrnamrvs
1323 4075 1482 4224 incolum
1496 4171 1755 4226 rvnrauavcu
1772 4152 1928 4248 adpellat
1956 4208 1965 4240 ,
1993 4157 2055 4250 qui
2084 4157 2230 4228 natione
2254 4165 2335 4226 teu·

483 4256 651 4341 tonicae,
682 4251 817 4329 ordinis
833 4246 1084 4324 Carthusrensrs
1097 4249 1251 4321 vicarius
1264 4248 1393 4324 domus
1408 4249 1542 4323 montis
1555 4248 1660 4324 saniti
1674 4251 1871 4325 saluatoris
1887 4273 1996 4348 prope
2009 4252 2211 4326 Erfurdiam
2235 4302 2245 4332 ,
2278 4248 2336 4320 vir

485 4368 565 4433 erat
591 4356 630 4429 in
643 4352 774 4426 diuinis
791 4349 967 4443 scripturis
987 4344 1153 4422 studiosus
1175 4345 1438 4432 ‚uenditum
1464 4348 1610 4442 ingenio
1628 4349 1766 4433 clarus,
1789 4348 1949 4423 sermone
1961 4363 2106 4442 apertus
2120 4399 2133 4436 ,
2145 4345 2350 4436 dubiorum,

486 4465 616 4528 cautus
629 4454 822 4544 interpres,
854 4448 925 4518 vitu
941 4467 1107 4540 quoque,
1129 4445 1165 4520 dr
1187 4444 1620 4520 conuersationedeuotus
1638 4499 1651 4535 ,
1672 4447 1794 4520 multis
1808 4447 1942 4542 ingenii
1958 4445 2007 4518 sui
2021 4448 2265 4518 monumentis
2277 4467 2338 4520 ce·

365 4559 371 4568 '
487 4549 610 4628 lebris.
649 4546 787 4622 Claruit
801 4544 894 4617 circa
907 4542 1066 4617 modium
1080 4541 1182 4616 seculi
1194 4541 1272 4618 XV.
1301 4543 1357 4616 Ex
1372 4542 1496 4617 ultimo
1511 4543 1669 4618 sermone
1683 4543 1846 4618 discimus
1862 4561 1966 4620 ,eum
1983 4542 2162 4618 sermones
2176 4543 2337 4640 praesen·

487 4660 571 4734 tes,
596 4658 791 4741 antequam
804 4639 1075 4718 Carthusranum
1089 4640 1314 4737 profiteretur
1327 4642 1514 4728 ordinem,
1544 4642 1582 4717 iu
1596 4641 1690 4719 alma
1704 4641 1929 4719 uniuersrtate
1950 4639 2173 4718 cracoviensi
2199 4697 2209 4729 ‚
2236 4642 2339 4718 cuius

488 4759 578 4823 tunc
591 4747 793 4821 membrum
818 4755 919 4822 erat,
960 4742 1042 4814 viua
1055 4762 1144 4814 voce
1159 4741 1195 4813 in
1207 4740 1328 4836 lingua
1345 4742 1480 4836 vulgari
1492 4763 1614 4817 coram
1626 4742 1757 4839 populo
1784 4741 1982 4840 esuggestu
1994 4739 2128 4818 dixisse.
2154 4741 2215 4816 Ad
2229 4741 2339 4817 finem

492 4847 657 4921 eiusdem
663 4844 833 5112 Jitur:
875 4838 991 4936 Offero
1014 4840 1120 4935 igilur
1139 4836 1196 4911 lrec
1231 4837 1391 4940 rescripta
1411 4836 1544 4914 cuilibet
1552 4841 1758 4939 predicationi
1771 4842 1896 4915 intento
1922 4839 1963 4917 θ’
1981 4852 2110 4916 allento
2134 4837 2284 4916 eruditori
2303 4847 2341 4914 ul

487 4946 687 5044 participer
712 4967 729 5014 ι
745 4933 1030 5110 poffimlrudibur
1044 4962 1154 5011 eorum
1228 4938 1303 5012 licet
1312 4962 1377 5037 pro
1392 4937 1581 5037 nuncsacre
1594 4938 1639 5015 ss
1651 4937 1853 5014 celeberrime
1865 4941 2020 5038 religioni
2037 4938 2341 5112 Carrlufienguin·

493 5040 567 5114 culo
584 5042 661 5138 aflei
691 5064 730 5110 ur
737 5036 846 5134 sunru
868 5038 882 5110 ι’
898 5034 979 5111 mrlri
994 5059 1059 5110 non
1071 5039 1170 5136 polest
1184 5049 1298 5135 parere
1317 5033 1458 5136 egreffur
1470 5037 1517 5111 ad
1534 5035 1631 5112 urbes
1646 5036 1687 5113 ss
1713 5037 1760 5112 ad
1783 5039 1899 5135 popelli
1912 5038 2153 5113 multitudinem
2169 5047 2206 5110 ut
2280 5059 2343 5132 prr

493 5134 689 5213 manerbum
706 5136 756 5208 dei
772 5138 891 5231 populo
906 5137 1126 5231 pronunciare
1150 5133 1268 5235 poffem
1293 5160 1367 5232 ymo
1378 5135 1574 5231 predicandi
1599 5136 1778 5234 plangendi
1800 5140 1948 5212 continui
1965 5140 2112 5220 officinm.
2129 5134 2204 5208 dedi
2232 5146 2342 5209 tamen

493 5260 555 5335 per
563 5229 717 5336 premiffa
729 5257 861 5334 operam
873 5235 1040 5329 ulfiatrrm
1054 5231 1095 5314 sl
1108 5246 1240 5311 uentum
1253 5236 1289 5310 in
1301 5234 1439 5333 organis
1452 5232 1880 5336 aliorumsubmim‘flrarcm
1896 5234 1936 5314 8
1949 5238 2034 5313 alter
2046 5241 2155 5315 claues
2165 5246 2289 5330 inrigat
2303 5231 2344 5308 ss

2187 5332 2297 5433 fiune
