5400 6284
265 603 268 610 ¹
361 569 509 664 [¹38
943 643 945 648 .
1171 509 1522 652 *4*ss

433 755 518 826 licet
536 748 841 836 Oelcdrnmundi,
865 743 924 821 l'eu
944 743 1045 821 Orme
1068 768 1112 830 a,
1138 743 1235 838 quali
1250 745 1346 822 orbis
1370 707 1553 822 moestitia.
1601 746 1652 824 Io.
1670 749 1804 826 Hildeb.
1827 777 2058 830 wesenerus
2083 752 2204 829 Orobii
2229 756 2285 831 ni·

435 855 574 925 storiam
589 849 673 920 olim
690 845 894 941 inscriptam
908 843 1006 920 fuisse
1051 843 1122 917 auli
1140 842 1202 920 Ur.
1216 848 1331 947 modia
1345 845 1463 918 mandi
1476 900 1486 933 ,
1512 846 1596 921 inde
1624 848 1695 923 duo
1710 854 1905 935 vocabula,
1937 852 2159 929 librariorum
2183 853 2285 929 insci·
2326 895 2329 900 ·

433 952 506 1032 ria,
534 950 571 1021 in
589 969 699 1019 unum
712 945 866 1020 nuntiata
888 941 1066 1044 Ormestam
1082 941 1268 1040 perperisse
1280 940 1426 1018 censuit.
1464 967 1625 1021 mnvsea
1643 947 1665 1022 l.
1679 948 1737 1023 cit.

435 1128 526 1216 Vll.
560 1083 668 1211 Petri
694 1122 747 1210 de
766 1124 1016 1211 Crescentiis'
1038 1123 1258 1209 Ruralium
1277 1121 1610 1212 Commodorum
1628 1126 1741 1216 Libri
1762 1124 1855 1223 Xll.
1883 1128 2093 1245 Augustae
2120 1157 2193 1246 per
2216 1132 2285 1222 Io·

548 1266 703 1326 aunem
720 1236 931 1325 Sciriisslcr
945 1264 1063 1328 anno
1087 1240 1284 1352 1471.·in
1304 1233 1379 1329 fol,
1676 1283 1681 1290 -

524 1421 625 1516 Opus
644 1418 733 1494 istud
749 1473 762 1503 ,
777 1416 869 1492 foliis
885 1439 956 1508 209
984 1387 1224 1502 contentum,
1248 1438 1386 1513 papyro
1401 1417 1525 1503 albae,
1550 1419 1696 1504 firmae,
1734 1419 1934 1515 laenigatae
1955 1476 1964 1506 ,
1992 1423 2287 1522 marginibusque
2321 1501 2325 1508 ,

278 1561 290 1570 -
432 1519 560 1616 amplis
574 1515 758 1593 instrutiae
771 1515 973 1610 impressum
987 1516 1048 1592 est.
1085 1517 1195 1594 Caret
1208 1515 1400 1590 initialibus
1412 1517 1561 1604 litteris,
1590 1542 1679 1614 quas
1696 1518 1908 1605 deauratae,
1932 1523 2287 1602 aevaniscotorinus

432 1614 610 1694 distintias
626 1615 757 1690 adiecit
767 1615 1003 1710 calligraphus
1023 1668 1033 1699 ,
1059 1613 1272 1708 signaturis,
1306 1614 1532 1701 custodibus,
1559 1617 1598 1694 de
1619 1619 1828 1712 paginarum
1839 1619 2014 1698 numeris.

529 1713 718 1790 Praemiffa
733 1712 783 1788 est
795 1713 844 1788 illi
858 1713 952 1786 Petri
967 1713 1007 1785 dc
1021 1711 1203 1810 crescentiir
1214 1714 1298 1786 ciuis
1314 1712 1531 1815 Bononiensts
1543 1717 1675 1817 epistola
1696 1719 1731 1790 in
1744 1713 1867 1789 librum
1883 1717 2093 1793 cotradorum
2104 1721 2286 1797 ruralium.

433 1817 537 1890 Haec
549 1815 656 1889 verba
670 1811 763 1887 tituli
777 1812 857 1886 loco
877 1811 916 1884 in
936 1810 1054 1886 fronte
1066 1813 1184 1909 operis
1197 1812 1375 1906 leguntur.
1412 1813 1591 1909 Epistola,
1619 1837 1703 1889 cum
1723 1814 1902 1912 quaedam
1914 1838 1979 1913 pro
2003 1817 2168 1893 litteratis
2180 1836 2287 1914 grata

433 1913 618 2000 continet,
644 1911 817 1986 maiorem
828 1910 906 1984 eius
919 1922 1058 2005 partem
1074 1908 1321 1984 transscci'oere
1337 1909 1443 1986 volui.
2281 1981 2284 1986 .

450 2023 453 2038 '
536 2007 733 2085 Venerabili
744 2010 779 2081 iu
792 2032 861 2106 xpo
871 2011 976 2105 patri.
992 2007 1032 2084 85
1046 2007 1178 2081 domino
1184 2007 1334 2105 speciali.
1352 2010 1425 2081 uiro
1435 2005 1563 2105 flemme
1573 2008 1745 2105 religionis
1768 2007 1990 2107 acsapientic.
1997 2012 2113 2108 fratri
2126 2014 2294 2086 aimerico.

434 2110 474 2183 de
483 2111 660 2206 placentia.
668 2105 860 2205 sandiffimi
875 2105 1003 2179 ordinis
1007 2108 1162 2199 fratrum
1178 2106 1423 2202 predicatorum
1438 2107 1586 2202 generali
1610 2131 1704 2204 aegro
1721 2107 1913 2208 dignifflmo.
1936 2109 1998 2182 dus
2006 2122 2123 2207 petrus
2148 2110 2188 2184 de
2213 2135 2286 2184 cre·

425 2208 562 2304 sicariis
579 2208 663 2279 ciuis
678 2204 796 2279 bonon.
803 2200 949 2301 seipsum
961 2202 1009 2277 ad
1028 2202 1277 2300 omniasemper
1288 2203 1448 2278 montinio
1457 2201 1642 2303 obsequiosa
1651 2217 1833 2302 pacatum,
1857 2205 1942 2283 Cum
1956 2207 2135 2302 presentem
2160 2207 2288 2282 librum
2327 2243 2330 2248 ·

432 2309 598 2381 ruralium
614 2304 822 2377 comodorum
840 2300 887 2374 ad
897 2300 950 2375 dei
963 2303 1195 2399 omnipotentis
1209 2301 1375 2376 bonorem.
1392 2301 1548 2398 &sereni
1570 2307 1628 2377 emi
1654 2306 1743 2400 regis
1765 2303 1872 2381 terete·
1884 2304 2136 2383 debedationem.
2160 2309 2286 2403 meique

433 2430 474 2478 erc
487 2419 667 2478 ceterorum
681 2403 856 2475 utilitatem
869 2398 1061 2498 inclinassem
1076 2398 1117 2475 bi
1132 2399 1324 2499 nsediasem.
1338 2403 1452 2473 multis
1470 2400 1511 2476 &
1522 2405 1629 2476 uariis
1640 2401 1913 2502 occupationibus
1931 2405 2117 2494 impeditus.
2139 2405 2196 2479 diu
2210 2430 2288 2502 pere

426 2506 529 2603 ficere
541 2501 661 2600 distuli.
685 2498 728 2575 V
722 2525 813 2572 crum
826 2522 848 2571 a
861 2503 964 2598 uesica
980 2496 1084 2571 nobili
1089 2497 1267 2597 fhnditate
1284 2511 1321 2572 ut
1332 2500 1523 2596 complerem
1536 2513 1686 2598 rogatus.
1699 2500 1790 2596 quod
1797 2527 1862 2599 pro
1882 2502 2046 2576 dominico
2063 2504 2222 2576 mandato
2243 2505 2288 2577 li-

434 2599 547 2674 benter
565 2601 671 2695 recepi
685 2597 882 2672 iudiciorum
903 2595 943 2672 &
956 2598 1105 2670 ciuilium
1119 2599 1370 2694 occupationum
1382 2601 1524 2696 strepitu
1548 2600 1668 2672 seditio.
1685 2597 1805 2692 quibus
1834 2624 1900 2676 non
1911 2614 2062 2698 poteram
2088 2604 2235 2675 animam
2249 2615 2291 2676 ut

436 2703 528 2798 operi
542 2693 735 2796 expediebat
747 2697 893 2792 quietum
909 2691 1039 2771 labne.
1053 2695 1100 2769 ad
1117 2698 1207 2769 suris
1222 2695 1460 2769 habitationem
1467 2693 1747 2791 septuagenarius
1765 2723 1815 2772 me
1837 2702 1999 2799 transtuli.
2015 2699 2054 2776 ft
2073 2726 2112 2773 ne
2128 2703 2208 2774 ociis
2232 2704 2291 2773 in·

437 2795 575 2872 utilibus
598 2799 710 2892 aliquo
731 2807 873 2892 tempore
899 2795 1042 2892 inficias.
1069 2795 1102 2866 iu
1130 2793 1217 2892 isque
1225 2792 1436 2891 satisfaciam
1451 2796 1549 2868 votis.
1568 2795 1697 2893 celestis.
1723 2798 1813 2891 regis
1838 2801 1968 2872 auxilia
1986 2797 2108 2873 librum
2130 2800 2288 2896 perficere

333 2963 344 2974 ,
435 2899 564 2974 curaui.
581 2919 621 2970 ac
633 2898 732 2970 ctiam
746 2896 775 2967 ei
788 2891 878 2987 quod
887 2891 1074 2991 primoscri
1087 2892 1334 2990 peram-addidi
1351 2894 1457 2965 multa
1473 2892 1581 2965 utilia.
1598 2916 1660 2987 que
1679 2897 1788 2993 postca
1801 2897 1882 2969 vidi.
1909 2895 1949 2971 &³
1960 2921 2024 2993 per
2048 2899 2289 2994 experientiam

436 2992 633 3094 approbasti.
685 2992 824 3068 Deinde
839 2991 1038 3088 suppliciter
1049 3004 1175 3086 rogat,
1204 3003 1243 3065 vt
1259 3013 1372 3083 erugo
1384 2988 1612 3077 eliminetur,
1642 2990 1726 3087 qnia
1746 2991 1973 3087 impossibile,
1994 3008 2036 3068 vt
2054 3016 2148 3070 unus
2165 2994 2289 3069 omnia

438 3096 498 3169 luo
512 3091 691 3168 intelletiu
707 3092 892 3185 adtingere
904 3089 1048 3174 valeat,
1074 3091 1111 3165 de
1126 3089 1222 3184 quod
1236 3089 1321 3162 vtile
1336 3089 1501 3173 videtur,
1527 3089 1624 3164 haud
1638 3101 1898 3163 contemnatur.
2271 3139 2282 3164 ,·

485 3209 489 3220 ·
537 3190 729 3286 Epistolam
745 3189 952 3264 immediate
966 3186 1158 3283 sequuntur
1172 3186 1408 3283 capitulorum
1425 3187 1547 3260 breuia
1562 3199 1784 3280 argumenta.
1824 3187 1912 3261 Folii
1931 3187 2048 3282 quarti
2075 3185 2197 3260 annia
2223 3208 2288 3281 pa·
2387 3185 2392 3192 '

437 3291 545 3383 gina,
572 3289 666 3362 linea
682 3307 728 3382 29
747 3286 890 3362 Finiunt
909 3285 1040 3362 rubrice
1052 3284 1132 3361 libri
1147 3287 1356 3360 comodosum
1380 3288 1545 3359 rescolium
1556 3286 1715 3382 feliciter.
1756 3285 1849 3358 Tum
1865 3285 2073 3360 immediate
2099 3284 2171 3360 fine
2182 3282 2290 3358 titulo

440 3390 595 3486 sequitur
610 3387 714 3461 huius
740 3411 761 3460 o
786 3387 857 3460 eris
871 3386 1046 3459 dedicatio
1061 3385 1106 3460 ad
1126 3406 1311 3458 onnorvm
1327 3383 1379 3460 II.
1395 3384 1682 3478 Hierosolymae,
1710 3383 1748 3460 de
1762 3383 1903 3459 Siciliae
1916 3403 2064 3477 regem,
2095 3405 2188 3480 quae
2204 3382 2291 3460 folio

409 3508 415 3532 ¹
438 3488 622 3582 sequenti,
647 3410 792 3558 lineale
818 3485 905 3558 tima
920 3482 1053 3557 definit.
1084 3483 1195 3556 linea
1211 3482 1335 3556 oiiaua
1347 3483 1470 3578 incipit
1497 3481 1647 3555 austoris
1671 3481 1867 3578 praelatio,
1894 3480 1966 3556 stne
1982 3482 2083 3557 omni
2100 3482 2226 3568 einero,
2251 3483 2293 3558 ln

437 3608 509 3682 qua
522 3585 584 3659 iste
599 3582 644 3657 sei
671 3581 769 3667 sum,
791 3508 919 3658 leores
934 3583 1028 3655 vitae
1041 3581 1123 3654 suae
1134 3579 1332 3654 transatios
1348 3580 1405 3654 his
1420 3581 1537 3654 verbis
1552 3579 1867 3655 nobismanifestos
1878 3579 1986 3655 iacit:
2011 3579 2092 3677 Ego
2104 3584 2216 3675 itaque
2233 3605 2293 3677 pe·

438 3695 513 3758 trus
531 3606 767 3779 decresicnciis
780 3680 865 3753 ciuis
876 3676 995 3752 bonon.
1009 3682 1068 3773 qui
1084 3691 1210 3775 tempus
1223 3677 1436 3774 adolescentie
1454 3681 1489 3752 iu
1504 3679 1613 3776 logica
1626 3680 1787 3753 medicina
1810 3677 1850 3754 8
1858 3678 2003 3775 scicntia
2019 3680 2171 3754 naturali
2182 3690 2293 3764 tottam

437 3779 616 3878 consumpfi
631 3777 673 3854 Εἴ
688 3777 817 3852 demum
836 3772 939 3851 nobili
952 3779 1059 3873 legum
1071 3776 1207 3872 scientie
1221 3777 1387 3872 insudaui.
1412 3779 1672 3947 pacificipiatus
1696 3780 1821 3850 anxius
1845 3781 1886 3877 esl
1895 3779 2046 3871 siendum
2052 3775 2175 3875 scisma
2200 3777 2313 3851 stiae-

438 3881 568 3976 egregie
586 3874 686 3950 urbis.
701 3877 852 3973 quivero
867 3872 1127 3975 &fibiproprio
1143 3876 1272 3947 nomine
1287 3872 1431 3949 borrouia
1443 3875 1481 3949 id
1494 3880 1548 3976 est·
1570 3900 1636 3948 ona
1672 3902 1708 3952 er
1722 3873 1763 3951 8
1790 3879 1824 3949 in
1838 3873 1990 3950 omnibus
2008 3877 2125 3951 mundi
2147 3878 2294 3950 climati*

374 4064 381 4070 ,
439 3977 502 4052 bus
519 3973 699 4051 dicebatur.
718 3975 863 4074 cogmui
873 3974 964 4070 quod
979 3985 1110 4048 mutata
1126 3975 1252 4046 unitate
1268 3997 1310 4047 ac
1319 3977 1413 4074 flatu
1425 3975 1565 4072 pacifico
1578 3976 1613 4048 iu
1651 3978 1663 4046 i
1688 3978 1844 4075 enfiouem
1858 3974 1970 4049 odium
1990 3973 2032 4052 di
2047 3977 2196 4052 liuorem.
2224 3999 2295 4050 non

439 4090 514 4153 crat
528 4078 644 4174 iusum
661 4077 761 4175 ipstus
765 4069 921 4188 peruerse
934 4071 1104 4173 diuifionis
1122 4070 1298 4168 immisceri
1309 4075 1463 4170 negociis.
1477 4073 1612 4170 ideoque
1624 4075 1723 4147 aunis
1733 4072 1779 4148 X
1776 4071 1822 4148 X
1818 4071 1865 4148 X
1870 4071 2018 4176 diuersos
2024 4099 2088 4173 pcr
2096 4075 2294 4173 prouincias

439 4199 642 4252 cumeorum
658 4169 835 4249 rectoratus
856 4169 1172 4268 cis·cuiui.subiebiis
1185 4168 1323 4245 libenter
1334 4173 1494 4270 iusticiam
1511 4170 1671 4247 tribuens.
1683 4170 1864 4248 retentas
1873 4172 1972 4274 fidele
1985 4176 2162 4273 confilium.
2184 4172 2226 4249 Θ
2243 4173 2295 4247 ci·

442 4278 564 4350 uitatcs
578 4281 612 4347 iu
617 4273 682 4370 fisa
699 4274 773 4346 iure
787 4275 923 4368 aestate
931 4273 1069 4370 pacifice
1078 4294 1143 4368 pso
1156 4267 1243 4369 pose
1265 4268 1470 4369 conseruent.
1496 4269 1678 4368 multosque
1698 4270 1803 4345 libros
1828 4274 2043 4367 antiquorum
2065 4269 2108 4346 ὃ
2130 4295 2296 4345 nouorum

444 4373 641 4470 prudentum
677 4373 786 4466 relegi.
813 4367 854 4445 ii
867 4370 1014 4469 diuersas
1041 4371 1209 4444 aerarias
1234 4372 1444 4467 operaciones
1456 4371 1630 4443 colentium
1642 4393 1726 4444 ruso
1747 4371 1826 4444 uidi.
1856 4371 1982 4443 demum
2006 4370 2145 4442 ciuitate
2175 4369 2296 4444 diuina

352 4513 354 4518 ·
439 4473 558 4569 gratia
572 4398 811 4563 quadrimoda
822 4471 1015 4563 reformata.
1033 4468 1120 4541 tedio
1133 4469 1200 4542 late
1213 4470 1421 4543 circuitionis
1437 4467 1477 4544 ὅ
1489 4468 1548 4566 less
1558 4467 1723 4543 libertatis
1734 4467 1869 4565 affetius
1884 4468 1930 4541 ad
1939 4470 2080 4568 propria
2095 4467 2191 4543 redii.
2221 4471 2297 4544 De·-

352 4631 364 4648 .
443 4570 527 4647 inde
547 4567 669 4641 multis
681 4566 828 4640 laudum
843 4567 1015 4642 encomiis
1027 4565 1168 4640 extollit
1179 4567 1455 4662 agriculturam,
1481 4569 1649 4663 adquam
1669 4566 1702 4640 se
1713 4578 1956 4652 conuertens,
1978 4567 2101 4642 multis
2114 4569 2206 4642 ruris
2219 4570 2297 4644 cul-

349 4743 354 4748 ,
441 4689 561 4744 tusam
578 4662 771 4739 describere
786 4662 970 4762 proposuit.
1020 4665 1283 4740 Praefationem
1300 4668 1504 4741 immediate
1518 4665 1673 4762 sequitur
1684 4667 1772 4740 liber
1817 4666 1940 4752 rimus,
1957 4689 2064 4763 quem
2092 4668 2206 4763 prima
2219 4667 2300 4746 sold
2374 4739 2380 4744 .

449 4791 488 4859 ις
506 4767 657 4860 pagina,
676 4764 770 4837 linea
783 4787 826 4838 at
846 4762 979 4859 excipit
993 4760 1272 4859 Liberseeundus
1286 4765 1326 4838 dc
1340 4777 1464 4840 nature
1472 4764 1680 4863 plantarum.
1699 4689 1848 4839 derebus
1858 4763 2086 4840 communibus
2104 4769 2210 4840 cultui
2236 4792 2295 4840 eu·
2315 4825 2318 4830 .

444 4864 578 4937 {utlibet
596 4864 725 4961 generis
744 4885 916 4959 agrorum.
952 4861 1054 4958 Opus
1068 4863 1182 4957 prima
1193 4862 1269 4937 folii
1294 4883 1365 4959 209
1379 4864 1524 4948 finitur,
1551 4865 1719 4938 adonius
1742 4864 1851 4938 finem
1872 4867 1961 4958 haec
1975 4865 2174 4960 leguntur:
2197 4865 2296 4942 Part

342 5043 364 5050 ,,
446 4966 485 5037 de
497 4962 682 5058 eresceueiir
701 4963 785 5036 ciuis
800 4958 920 5037 bonon.
936 4964 1101 5035 ruralium
1119 4962 1327 5036 cornodorum
1344 4961 1424 5036 libri
1436 4961 1604 5035 duodecim
1608 4965 1738 5061 finiunt
1741 4965 1892 5058 feliciter
1901 4989 1963 5061 per
1976 4965 2149 5037 iohannem
2157 4961 2297 5057 Sebiiss-

443 5067 493 5138 ier
507 5064 608 5133 ciuem
623 5059 844 5158 augustensem
862 5060 1009 5162 impressi.
1026 5062 1158 5134 circiter
1169 5063 1258 5135 xiiii.
1271 5060 1428 5134 kalendas
1441 5062 1594 5138 marcias.
1613 5062 1717 5138 Anno
1744 5086 1821 5139 uera
1834 5087 1855 5136 a
1863 5076 1971 5161 pastu
1990 5059 2298 5161 uirgipirsalutise·

445 5189 485 5239 ro
500 5158 675 5261 dadepno
689 5159 1005 5261 quadringentesteeo
1020 5157 1301 5264 &septuagestma
1312 5162 1423 5257 prima
1436 5160 1505 5239 bec.

2156 5353 2248 5472 una
2285 5295 2313 5434 s.
